2878 4336
191 381 217 418 v.
233 383 254 417 1.
268 367 321 433 21.]
644 365 797 415 CAPTIVI

193 537 375 620 Quomque
391 534 487 599 illaec
505 536 667 618 repertast
686 535 768 599 fides
786 536 881 599 firma
898 534 1003 599 nobis.

193 647 334 710 Pinnos.
369 643 461 708 Sitis
486 643 552 708 iam
576 643 667 708 dolui
691 663 732 707 ex
756 643 867 709 animo
892 653 926 708 et
958 665 1047 721 cura,
1073 643 1156 711 sitis
1187 667 1242 712 me

330 752 487 818 lacrumis
503 752 669 817 maceraui
688 753 790 839 [hoc],

194 863 287 928 Satis
311 862 376 927 iam
401 861 514 927 audiui
537 861 613 926 tuas
635 882 811 926 aerumnas
835 861 876 926 dd
893 870 1027 944 portum
1052 862 1135 927 mihi
1158 864 1241 948 quas

333 970 546 1036 memorasti:

195 1081 272 1146 Hoc
296 1101 445 1164 agamus.
494 1080 656 1144 Puruocn.
696 1078 786 1161 Quid
814 1100 915 1156 nunc,
945 1081 1101 1165 quoniam
1128 1084 1239 1148 tecum

332 1189 465 1255 seruaui
480 1190 581 1253 fidem
1191 1204 1241 1257 930

193 1299 338 1383 Tibique
354 1300 444 1363 hunc
461 1299 618 1363 reducem
635 1298 669 1362 in
687 1297 878 1363 libertatem
896 1299 980 1364 ieci?
1015 1300 1081 1366 Ha.
1114 1301 1241 1366 Fecisti

332 1406 368 1471 rit
386 1408 457 1484 tibi,

194 1517 408 1593 Philocrates,
427 1516 608 1599 numquam
626 1516 750 1581 reierre
768 1516 909 1600 gratiam
927 1517 1052 1601 possim
1070 1519 1161 1595 satis,

194 1626 337 1690 Proinde
368 1635 405 1688 ut
437 1634 475 1689 tu
508 1624 720 1708 promeritu's
754 1627 796 1690 de
828 1647 882 1691 me
908 1635 941 1690 et
965 1626 1046 1692 lilio.
1097 1628 1237 1694 Pnuoo.

332 1734 439 1798 lmmd
455 1744 562 1817 potes,

194 1843 303 1920 Pater,
324 1852 358 1907 et
383 1843 509 1926 poteris
534 1845 567 1907 et
593 1862 656 1925 ego
680 1852 798 1926 potero
822 1852 856 1907 et
882 1844 915 1909 di
939 1865 1011 1909 earn
1037 1848 1239 1928 potestatem

330 1953 467 2027 dabunt,
1191 1968 1240 2020 934

193 2062 240 2126 Vt
258 2060 457 2125 beneficium
474 2061 559 2124 bene
577 2060 720 2124 merenti
737 2059 852 2125 ndstro
870 2062 989 2125 merito
1007 2061 1183 2128 mdneres:

194 2169 290 2233 Sicut
306 2180 344 2233 tu
360 2169 437 2233 huic
454 2171 559 2252 potes,
578 2179 675 2253 pater
690 2169 745 2245 mi,
763 2169 875 2235 ficere
891 2171 1012 2235 merito
1029 2171 1192 2237 maxume.

195 2279 263 2342 Ha
300 2277 389 2360 Quid
414 2288 514 2360 opust
544 2278 678 2342 uerbis?
727 2278 841 2362 lingua
865 2279 990 2343 nullast
1022 2279 1087 2362 quit
1119 2300 1239 2364 negem

330 2386 491 2470 quidquid
509 2406 616 2470 roges.

194 2497 358 2560 PfflLocn.
395 2494 531 2559 Pdstulo
556 2496 616 2559 abs
640 2505 685 2572 te,
705 2504 741 2560 ut
767 2495 813 2559 mi
845 2495 938 2560 illum
964 2496 1083 2560 reddas
1108 2498 1239 2561 seruom

330 2625 429 2688 quem
447 2604 500 2669 hic
518 2603 716 2688 reliqueram

194 2712 321 2795 Pignus
338 2733 397 2795 pro
416 2732 477 2789 me,
496 2712 554 2796 qui
571 2713 653 2776 mihi
666 2713 783 2777 melior
800 2711 899 2797 quarn
918 2713 981 2777 sibi
999 2715 1131 2796 semper
1147 2713 1222 2789 fuit,

195 2821 257 2884 Prd
274 2821 460 2886 benefactis
473 2822 546 2886 eius
564 2830 600 2885 ut
618 2822 648 2885 ei
665 2822 809 2905 pretium
828 2822 954 2905 possim
972 2823 1119 2887 reddere.
1190 2835 1241 2886 940

195 2932 263 2995 Ha.
299 2929 399 3014 Qudd
423 2931 510 2995 bene
534 2930 656 3008 iecisti,
675 2930 840 2995 referetur
856 2931 973 3014 gratia.
1023 2931 1056 2995 id
1080 2932 1169 3015 quod
1186 2931 1240 3014 pd-
1300 2927 1312 2933 ’

331 3038 446 3115 stulas‚

226 3237 283 3288 927.
302 3223 385 3273 illaec
408 3224 488 3284 fides,
513 3224 555 3272 the
576 3227 692 3287 promise
777 3239 832 3290 941.
851 3217 936 3290 quod,
950 3232 1007 3283 etc..
1020 3242 1048 3274 as
1066 3233 1090 3274 to
1105 3226 1176 3275 what
1186 3243 1240 3290 you

193 3293 268 3340 made
289 3293 318 3354 by
336 3293 387 3339 this
409 3307 478 3350 man,
504 3290 601 3341 Philoc.
743 3293 882 3342 hovedeno
897 3295 924 3341 in
942 3293 983 3342 tie
1000 3308 1057 3355 way
1069 3292 1101 3356 of
1111 3293 1239 3353 kindness,

227 3372 283 3422 930.
301 3359 356 3408 hoc
369 3372 502 3423 agamus,
512 3360 547 3407 let
558 3359 686 3408 usattend
743 3376 797 3423 you
826 3361 898 3408 shall
926 3361 953 3408 be
977 3360 1091 3409 thanked
1118 3360 1177 3425 (sor
1199 3360 1239 3425 it).

192 3433 217 3473 to
228 3426 299 3474 what
309 3426 419 3474 wehave
429 3433 454 3474 to
466 3426 497 3474 do
504 3441 514 3483 ;
526 3425 559 3474 cf.
572 3439 628 3486 444.
742 3426 818 3488 quod
841 3427 863 3475 is
884 3427 927 3475 rel.
951 3441 1025 3491 pron.
1043 3427 1105 3476 with
1122 3427 1239 3478 anteced.

228 3506 283 3556 933.
302 3493 420 3559 proinde
433 3500 480 3543 ut:
499 3491 538 3557 ci„
545 3505 593 3556 307
607 3508 632 3541 n.
742 3492 852 3542 omitted
880 3493 932 3542 and
960 3494 1087 3560 probably
1115 3501 1162 3542 not
1191 3493 1240 3544 dis·

228 3555 690 3624 934.Scand165mpotdstite‘m.
742 3560 834 3625 tinctly
862 3561 1016 3619 conceived;
1049 3577 1079 3611 so
1110 3562 1167 3610 that
1195 3562 1240 3612 the

226 3638 282 3692 935.
298 3629 375 3693 'bene
389 3627 512 3676 merenti
524 3633 632 3685 nostro,
643 3642 691 3673 our
741 3627 904 3690 pronominal
924 3627 997 3676 force
1017 3628 1039 3677 is
1063 3629 1158 3677 almost
1179 3629 1239 3678 lost.

193 3695 336 3758 benefactor.
356 3695 392 3743 So
402 3695 549 3743 beneuolcns
560 3709 589 3742 as
599 3693 690 3750 subst,
742 3692 784 3741 Cf.
793 3693 849 3757 961,
859 3693 915 3759 996,
923 3695 992 3758 quod
995 3695 1063 3743 male
1062 3695 1124 3758 feci,
1132 3697 1239 3744 crucior.

199 3762 271 3810 Trin.
285 3761 325 3822 46,
338 3769 386 3811 etc.
743 3760 773 3808 In
791 3774 840 3824 943
856 3761 900 3809 the
921 3761 991 3809 main
1010 3761 1097 3808 clause
1116 3760 1240 3823 precedes

227 3827 283 3891 938.
302 3828 487 3893 reliqueram:
507 3843 542 3876 on
555 3835 636 3885 tense,
647 3841 690 3876 see
741 3826 786 3875 the
804 3829 856 3884 rel.‚
869 3826 921 3875 and
939 3827 984 3875 the
997 3824 1107 3874 omitted
1120 3826 1237 3875 anteced.

195 3893 295 3942 Introd.
310 3908 337 3942 21
352 3897 377 3943 d.
741 3891 763 3938 is
775 3906 848 3938 more
861 3891 993 3954 distinctly
1005 3891 1119 3951 implied.
