2878 4336
201 321 239 358 ιν.
254 321 277 358 2.
289 303 344 373 62.]
656 305 809 355 CAPTIVI
1220 307 1254 358 69

203 478 291 541 Erro.
328 473 426 539 Heus
459 472 517 538 ubi
549 471 656 538 estis?
700 474 814 557 ecquis
848 474 902 538 hic
931 475 1010 538 est?
1033 475 1157 559 *ecquis
1189 475 1252 540 hoe

344 584 451 666 aperit
469 582 617 648 ostium?
1203 582 1253 648 830

205 695 275 758 ΗΕ.
311 692 378 757 ch
410 692 510 756 homo
542 693 583 755 ad
616 711 733 756 cenam
761 691 877 774 recipit
911 712 948 756 se
978 692 1021 756 ad
1053 711 1116 758 me.
1166 693 1251 759 Erro.

342 788 484 884 Aperite
501 801 602 865 hasce
619 800 734 865 ambfs
751 801 841 865 fores

206 911 301 976 Prlus
319 931 417 993 quam
436 909 595 992 pultando
608 909 781 973 assulatim
798 908 925 974 foribus
942 909 1080 974 exitium
1096 909 1220 976 adfero.

206 1021 276 1084 ΗΕ.
312 1017 466 1083 Perlubet
480 1019 570 1083 hunc
586 1019 755 1082 hominem
770 1017 925 1102 conloqui
943 1041 949 1083 :
967 1018 1128 1103 Ergfsile.
1164 1020 1250 1086 Erro.

347 1127 537 1212 Ergasilum
554 1126 612 1211 qul
628 1128 751 1193 uocat?

207 1239 277 1301 ΗΕ.
314 1236 467 1320 Respice.
519 1238 604 1301 Erro.
639 1237 791 1302 Fortuna
810 1235 898 1320 quod
919 1236 981 1302 tibi
1003 1256 1066 1302 nec
1085 1236 1166 1302 facit
1189 1257 1251 1302 nec

343 1346 454 1422 faciet,
474 1347 526 1409 me
544 1346 647 1412 iubes.

206 1455 275 1520 Sed
293 1455 367 1539 quis
384 1456 460 1519 est?
503 1455 570 1519 ΗΕ.
601 1455 747 1539 Respice
763 1456 805 1520 ad
822 1475 899 1520 me:
917 1455 1029 1538 Hegio
1046 1474 1129 1520 sum.
1164 1455 1249 1520 Erro.

345 1545 400 1628 oh
417 1564 508 1640 mur,
1202 1562 1252 1630 ⁸³⁵

207 1673 416 1757 Quantumst
439 1673 613 1737 hominum
636 1682 849 1757 optumorum
872 1683 1018 1757 optume,
1043 1673 1252 1756 intempore

345 1782 494 1847 aduenis.

209 1892 279 1955 ΗΕ.
315 1890 438 1955 Nescio
455 1911 554 1974 quem
576 1891 618 1955 ad
640 1899 773 1974 portum
795 1890 914 1956 nactus
932 1911 968 1955 es
988 1890 1045 1956 ubi
1061 1891 1187 1956 cenes:
1211 1911 1251 1956 eo

319 1999 487 2102 fastidis.

209 2110 295 2172 ERG.
334 2108 426 2173 Cedo
450 2128 596 2172 manum.
648 2108 716 2172 ΗΕ.
760 2107 923 2172 Manum?
973 2109 1059 2174 ERG.
1101 2109 1249 2185 Manum,

345 2217 490 2300 inquam,
509 2217 591 2281 cedo
608 2225 700 2280 tuam
717 2217 878 2282 actutum.
929 2218 997 2282 ΗΕ.
1030 2218 1134 2282 Tene.

209 2327 295 2390 ERG.
331 2325 457 2390 Gaude.
508 2325 575 2391 ΗΕ.
612 2325 703 2408 Quid
726 2346 788 2408 ego
808 2324 993 2410 gaudeam?
1043 2327 1128 2391 Ero.
1163 2327 1252 2410 Quia

346 2454 409 2518 ego
427 2433 553 2518 impero
571 2455 578 2498 ε
602 2454 665 2518 age
682 2436 790 2518 gaude
807 2435 915 2499 modo.

210 2543 279 2607 ΗΕ.
314 2542 372 2606 Pol
404 2562 571 2606 maerores
603 2542 686 2606 mihi
718 2551 938 2608 anteuortunt
966 2541 1106 2630 gaudiis.
1151 2545 1250 2630 [Ero.

346 2650 425 2715 Noli
448 2650 608 2736 irascier]
1203 2650 1254 2713 840

209 2760 296 2823 Erro.
331 2757 402 2822 Ifm
425 2779 488 2842 ego
510 2779 551 2824 ex
568 2779 706 2843 corpore
725 2759 857 2843 exigam
879 2761 989 2826 omnis
1007 2760 1153 2825 maculas
1167 2781 1253 2826 mae·

345 2865 456 2931 rorum
471 2867 559 2931 tibi:
881 2925 882 2928 ,

209 2974 326 3041 Gaude
336 2977 503 3041 audacter.
523 2977 591 3041 ΗΕ.
610 2976 757 3053 Gaudeo,
769 2976 834 3042 etsi
845 2977 890 3041 nss
902 2977 971 3043 scio
980 2979 1068 3063 quod
1079 2977 1249 3062 gaudeam.

242 3159 292 3226 830
304 3160 332 3209 ff.
352 3160 493 3224 Impatient
508 3159 644 3224 knoclring
654 3160 706 3210 and
755 3161 779 3211 is
793 3160 921 3225 speaking
936 3169 964 3212 to
982 3161 1045 3223 him,
1057 3161 1150 3226 taking
1161 3162 1253 3228 respi-

211 3227 305 3292 calling
316 3235 343 3276 at
360 3242 377 3276 a
393 3227 460 3276 door
474 3227 497 3276 is
512 3227 659 3293 frequently
671 3229 707 3276 in·
757 3241 822 3277 cere
846 3229 874 3277 in
897 3229 931 3278 its
954 3231 1098 3296 secundary
1120 3245 1204 3287 sense,
1228 3237 1252 3279 to

211 3294 335 3345 troduced
353 3294 388 3360 by
406 3295 522 3352 Plautus,
538 3293 591 3343 and
608 3295 708 3360 usually
757 3296 814 3343 look
834 3301 902 3357 upon
928 3297 990 3344 with
1004 3297 1094 3361 fauor.
1130 3297 1171 3345 Cf.
1192 3299 1253 3346 For-

209 3361 268 3410 with
280 3361 325 3411 the
335 3376 381 3411 use
391 3360 420 3410 of
430 3363 521 3425 ecquis.
549 3360 622 3410 With
631 3362 707 3411 other
756 3368 820 3410 tum
833 3363 985 3424 Respiciens.

210 3428 285 3478 verbs
308 3428 373 3477 than
395 3435 432 3477 est
456 3429 530 3477 there
558 3427 581 3478 is
610 3429 706 3478 almost
789 3427 847 3494 836.
872 3437 1043 3493 quantumst
1081 3431 1252 3482 hominum:

210 3495 303 3562 always
334 3495 485 3560 imperative
510 3495 595 3554 effect,
625 3496 709 3544 Won't
758 3494 935 3556 Introd.14e.

209 3563 337 3625 somebody
365 3570 427 3625 open
459 3562 512 3610 'this
539 3563 624 3610 door?
670 3562 706 3610 So
789 3561 846 3626 837.
865 3562 998 3613 fastidis:
1019 3563 1143 3628 referring
1160 3572 1189 3613 to
1212 3565 1253 3614 his

210 3630 305 3693 Amph.
337 3643 415 3690 10203
446 3630 524 3678 Most.
552 3641 619 3692 9oo;
648 3627 706 3692 988,
757 3627 869 3677 attitude
881 3629 907 3677 in
919 3630 976 3694 834.

210 3702 258 3744 etc.
789 3694 846 3755 841.
865 3709 900 3744 ex
910 3710 1028 3760 corpore
1043 3732 1049 3745 .
1063 3731 1070 3745 .
1084 3732 1091 3745 .
1105 3696 1253 3748 maculae:

242 3761 298 3828 834.
317 3763 377 3827 Erg.
390 3763 483 3827 replies
500 3761 645 3812 somewhat
662 3763 706 3811 im·
756 3761 818 3810 asif
833 3761 878 3809 the
890 3769 965 3826 spots
981 3761 1010 3810 of
1026 3763 1093 3826 grief
1109 3777 1175 3813 were
1187 3763 1253 3813 liter·

211 3829 365 3897 pertinently
379 3829 469 3879 before
486 3829 520 3878 he
537 3828 629 3877 knows
647 3829 706 3876 who
757 3827 808 3892 ally
819 3827 918 3876 visible.
