2878 4336
214 359 262 410 106
667 358 802 407 PLAVTI

1123 359 1154 426 [1.
1168 374 1189 408 2.
1205 360 1262 423 167.

214 528 282 612 Qui
298 527 429 592 illdrum
447 527 560 591 uerbis
576 526 671 591 falsis
687 526 842 610 acceptdr
858 527 917 603 fui,

214 637 283 721 Qui
330 635 442 701 omnia
493 655 530 700 se
582 635 740 699 simulant
788 635 873 699 scire
923 656 1030 718 neque
1082 636 1259 719 quicquam

350 744 470 810 sciunt.

1211 758 1260 810 205

215 855 315 939 Quod
369 852 508 937 quisque
559 853 593 916 in
645 852 756 916 animo
807 852 907 917 habet
959 863 1015 917 aut
1068 853 1259 918 habiturust

350 962 460 1026 sciunt
472 984 479 1026 :

214 1071 334 1138 Sciunt
351 1071 383 1135 td
401 1071 489 1154 quod
507 1070 540 1133 in
558 1089 671 1133 aurem
689 1071 746 1134 rex
763 1070 899 1152 reginae
917 1070 1055 1135 dixerit:

215 1179 335 1246 Scidnt
352 1180 441 1263 quod
460 1180 545 1242 Iuno
561 1177 744 1242 fabulatast
761 1177 836 1243 etim
855 1179 956 1242 Ioue:

210 1289 311 1373 'Quae
328 1289 436 1372 neque
453 1289 567 1351 futura
583 1287 692 1370 neque
709 1296 799 1362 sunt,
818 1297 929 1350 tamen
949 1287 995 1350 illi
1011 1288 1131 1352 sciunt.

215 1396 338 1460 Falsdn
355 1417 398 1460 an
415 1416 496 1460 uero
513 1394 658 1472 laudent,
677 1395 813 1478 culpent
831 1396 930 1478 quem
948 1396 1063 1471 uelint,

1208 1409 1258 1445 210

215 1506 293 1569 Non
309 1504 406 1570 fl6cci
421 1504 561 1580 faciunt,
580 1502 658 1567 dum
677 1503 758 1568 illud
775 1505 864 1587 quod
881 1503 993 1568 lubeat
1011 1503 1129 1570 sciant.

215 1614 335 1680 Omnis
352 1613 501 1678 mortalis
518 1611 607 1677 hunc
624 1612 758 1677 aiebant
777 1611 948 1678 Calliclem

214 1723 395 1807 Indignum
413 1722 552 1789 ciuitite
569 1743 607 1786 ac
625 1741 700 1786 sese
717 1721 841 1797 uiuere,

214 1831 317 1898 Bonis
334 1832 391 1916 qui
408 1833 498 1897 hunc
515 1830 764 1895 adulescentem
783 1830 963 1895 euortisset
981 1829 1060 1896 suis.

214 1944 289 2025 Ego
306 1942 348 2005 de
365 1940 478 2004 edrum
497 1940 610 2003 uerbis
627 1939 902 2023 famigeratorum
921 1938 1066 2003 insciens
1209 1950 1256 2004 ²15

215 2050 353 2114 Prosssui
371 2049 515 2113 amicum
533 2047 734 2131 castigatum
752 2046 934 2110 inndxium.

215 2159 312 2244 Quod
332 2158 359 2221 si
376 2157 566 2241 exquiratur
583 2156 689 2240 risque
706 2158 749 2220 ab
766 2156 870 2239 stirpe
887 2133 1077 2232 aucttiritasss
1166 2233 1168 2240 y

213 2268 311 2332 Vnde
329 2265 488 2350 quidquid
505 2266 655 2329 auditum
673 2265 785 2329 dicant
803 2287 810 2329 ε
835 2264 899 2328 nisi
916 2264 949 2327 id
966 2262 1134 2348 appareat,

214 2375 454 2458 Famigeratori
473 2375 532 2444 res
543 2375 586 2438 sit
604 2395 679 2438 cum
697 2374 818 2438 damno
835 2375 869 2438 et
886 2372 993 2437 malo:

215 2486 292 2549 Hoc
309 2484 354 2548 ita
371 2484 399 2548 si
415 2485 483 2560 fiat,
503 2482 636 2566 publico
654 2482 711 2547 fiat
728 2483 826 2546 bonu.
1208 2494 1256 2530 ²²0

247 2691 301 2737 ²04·
320 2676 434 2727 uerbis:
453 2674 506 2724 dat.
524 2674 585 2724 with
604 2687 708 2739 accep-

212 2751 257 2793 tor
269 2743 320 2794 fui.

245 2810 301 2860 206.
319 2811 424 2861 habet:
444 2807 543 2857 Introd.
556 2822 596 2873 43.

246 2877 300 2926 208.
319 2878 395 2940 quod
429 2876 501 2926 Iuno
527 2910 533 2924 .
558 2910 565 2924 .
590 2909 597 2924 .
622 2875 707 2924 Iove:

211 2959 285 2992 some
303 2944 396 3007 phrase
414 2942 465 2991 like
478 2942 529 2991 this
546 2957 598 2992 was
619 2956 708 3005 appar·

210 3011 283 3076 ently
295 3009 441 3073 proverbial
452 3009 478 3058 in
487 3009 574 3059 Greek
585 3008 706 3072 (Theocr.

246 3158 300 3194 210.
319 3144 445 3202 laudent,
474 3143 608 3207 culpent:
645 3142 706 3191 with

211 3210 364 3276 asyndeton,
383 3210 446 3259 both
468 3208 616 3273 depending
634 3224 706 3272 upon

211 3293 268 3328 non
282 3278 365 3327 flocci
383 3277 501 3327 faciunt.
537 3276 594 3326 The
606 3283 707 3325 antece·

190 3396 195 3407 ¹
211 3343 273 3393 dent
286 3345 314 3393 of
323 3358 410 3408 quem
420 3344 441 3392 is
452 3344 496 3392 the
506 3342 594 3407 object
603 3343 632 3391 of
641 3342 706 3392 both

211 3412 294 3469 verbs,
312 3410 364 3459 and
385 3411 411 3459 in
430 3411 474 3458 the
491 3409 540 3459 full
557 3410 707 3473 expression

210 3479 318 3526 laudare
331 3477 383 3526 and
395 3479 499 3539 culpare
506 3477 592 3527 would
604 3477 637 3527 be
649 3492 706 3541 sup

210 3544 279 3608 plied
290 3544 357 3594 after
369 3544 468 3594 uelint.

245 3626 299 3673 214.
318 3612 402 3661 bonis
413 3609 569 3660 euertisset
580 3628 586 3659 ε
598 3610 630 3659 ef.
643 3626 707 3674 agro

210 3686 330 3728 euertat.
351 3714 356 3725 .
376 3714 382 3725 .
401 3680 493 3726 euertit
514 3678 624 3734 aedibus,
648 3675 705 3727 616.

210 3745 268 3794 The
280 3745 330 3795 abl.
341 3744 365 3793 is
377 3759 427 3793 one
440 3743 469 3793 oi
479 3743 635 3806 separation.
664 3742 704 3791 cf.

212 3811 310 3861 Introd.
327 3824 355 3873 17
368 3811 390 3860 h.
427 3812 479 3859 For
496 3809 587 3868 bonis,
603 3824 647 3858 see
666 3810 706 3856 In-

211 3878 277 3929 trod.
290 3892 329 3940 47.

793 2685 848 2738 215.
869 2674 904 2722 de
923 2672 1029 2731 uerbis,
1033 2673 1094 2736 just
1105 2673 1174 2736 after
1185 2673 1257 2721 hear-

758 2741 806 2804 ing
825 2739 868 2788 the
889 2741 973 2788 words
995 2740 1028 2803 of,
1052 2754 1068 2788 a
1090 2739 1177 2788 rather
1200 2754 1255 2788 rare

758 2821 843 2866 sense,
861 2805 909 2856 but
932 2806 964 2856 cf.
983 2808 1057 2855 Most.
1076 2805 1132 2870 697,
1150 2822 1256 2854 somnus

758 2875 788 2922 de
799 2875 915 2936 prandio
922 2889 934 2932 ,·
953 2874 1027 2923 Caes.
1044 2873 1076 2921 B.
1094 2874 1122 2922 G.
1136 2873 1157 2921 Ι.
1178 2886 1214 2931 12,
1226 2874 1256 2921 de

757 2943 831 2989 tertia
843 2942 944 3004 urgr'lia.

793 3007 848 3056 216.
867 3008 1053 3072 castigatum:
1068 3006 1253 3056 averbalnoun

760 3074 786 3139 (“
794 3074 885 3138 supine
894 3075 920 3135 ”t
932 3074 1001 3124 aiter
1012 3073 1141 3138 prosilui.

792 3155 838 3204 217
851 3140 879 3190 ff.
898 3142 955 3191 The
972 3141 1045 3190 force
1063 3140 1091 3189 of
1112 3140 1137 3189 si
1155 3141 1257 3204 exqui·.

758 3216 837 3259 ratur
854 3223 918 3272 goes
936 3209 1049 3272 through
1069 3221 1124 3270 219,
1137 3207 1190 3255 and
1209 3207 1253 3256 the

758 3275 841 3324 whole
852 3276 874 3325 is
886 3274 1057 3326 summarized
1068 3275 1096 3323 in
1108 3275 1163 3324 hoc
1176 3275 1215 3323 ita
1229 3275 1254 3323 si

758 3342 819 3391 tint.
854 3342 911 3392 The
923 3341 1032 3391 indirect
1042 3342 1163 3407 question
1177 3343 1253 3391 unde

758 3443 786 3457 ..
801 3444 808 3458 .
821 3409 918 3459 dicant
936 3408 1054 3472 depends
1073 3425 1142 3473 upon
1156 3417 1254 3458 aucto·

757 3476 828 3525 ritas
851 3474 904 3524 and
927 3478 1003 3526 unde
1029 3479 1093 3539 (=a
1111 3477 1171 3539 quo)
1190 3491 1254 3538 goes

757 3542 818 3591 with
842 3543 982 3593 auditum.
1029 3542 1086 3591 The
1110 3541 1252 3594 condition.

757 3609 968 3725 pisilappimt'
976 3609 1037 3724 Ἧι
1046 3610 1079 3724 its
1092 3609 1251 3664 conclusion,

757 3691 779 3724 rs
829 3691 886 3725 mos
921 3691 999 3740 paren
1032 3689 1183 3725 ero-res

756 3744 872 3801 damno,
889 3744 920 3792 lte
944 3743 1038 3792 should
1063 3742 1089 3790 be
1118 3742 1192 3789 made
1214 3757 1253 3788 ac-

757 3810 881 3871 quainted
893 3810 954 3858 with
967 3811 1017 3858 loss
1024 3824 1036 3865 ;
1056 3809 1100 3856 the
1118 3807 1212 3870 phrase
1230 3807 1252 3855 is

756 3874 876 3938 properly
889 3875 952 3924 used
966 3874 995 3924 oi
1004 3889 1121 3940 persons.
