2842 4332
170 280 313 345 1v.2.4f>.]
584 279 810 330 Tmnvnnvs
1173 277 1221 332 1⁵9

170 448 347 515 Celliclem
365 449 475 514 aiebet
493 449 606 513 uocari
622 447 679 532 qui
695 447 756 512 hes
773 448 864 512 dedit
882 446 965 512 mihi
980 446 1152 531 epistulas.
1169 462 1201 526 87
1205 477 1219 530 5

171 559 237 624 ca.
280 557 397 623 Metim
423 568 563 642 gnatum
591 558 646 623 hic
670 557 805 643 quidem
837 555 1062 622 Lesbonicum
1086 557 1215 641 quaerit

312 676 346 730 et
364 665 507 731 amienm
525 687 644 744 meum,

173 775 266 860 Quoi
282 797 346 859 ego
362 774 551 859 liberdsque
567 776 722 859 bonaque
739 773 983 851 cdmmendaui,
1003 772 1187 839 Cdlliclem.

173 884 232 950 ΒΥ.
267 884 337 948 Ρέο
354 904 408 948 me
425 884 454 948 si
471 883 537 949 scis
554 883 729 948 certiorem
748 883 841 948 hisce
867 881 1022 978 hnmineff
1047 881 1104 947 ubi
1130 883 1219 948 habi·

312 994 396 1067 tent,
415 1000 519 1075 pater.

173 1101 237 1167 Cn.
273 1100 363 1184 Quid
386 1119 444 1164 eos
466 1099 621 1183 quaeris?
647 1097 704 1163 a1'1t
728 1098 803 1183 quis
828 1097 889 1164 es?
913 1107 970 1163 aut
994 1097 1136 1164 finde’s?
1161 1107 1219 1164 aut

311 1208 401 1272 unde
417 1207 582 1272 aduenis?
613 1190 617 1195 ’

173 1317 230 1382 Sv.
266 1315 377 1380 Melta
400 1315 500 1380 simul
524 1314 672 1400 rogitds:
697 1315 811 1381 nescio
828 1315 909 1400 quid
926 1315 1100 1400 expediam
1117 1315 1218 1400 potss-

312 1445 455 1490 sumum.
1168 1421 1219 1476 880

173 1535 211 1600 Si
228 1534 332 1599 {mum
349 1535 511 1619 quidquid
528 1535 722 1619 ssngillatim
742 1543 776 1599 et
793 1534 923 1618 pleicide
934 1533 1187 1620 percontebere,

173 1631 219 1707 Et
237 1664 349 1707 meum
366 1664 489 1708 nomen
508 1645 541 1708 et
558 1664 634 1708 mea
650 1644 742 1708 facta
758 1653 791 1708 et
809 1642 929 1709 Itinera
948 1663 1011 1727 ego
1027 1641 1104 1707 faxd
1121 1643 1216 1709 scias.

174 1753 237 1818 CH.
275 1751 410 1818 Feciam
433 1752 481 1816 ita
496 1761 532 1817 ut
550 1753 621 1817 uis:
644 1751 798 1836 dgedum,
818 1772 940 1817 nomen
960 1750 1053 1815 tuem
1073 1750 1217 1835 primum

311 1860 459 1926 memor&
474 1861 566 1926 mihi.

175 1970 231 2036 ΞΥ.
268 1969 431 2054 Megnum
443 1969 575 2035 facinus
589 1968 756 2053 incipissis
770 1970 894 2054 petere.
944 1968 1008 2035 CH.
1043 1968 1134 2054 Quid
1147 1968 1218 2033 ita?

312 2078 368 2144 ΒΥ.
404 2078 500 2163 Qusa,
520 2087 624 2161 pater,

176 2187 212 2251 Si
228 2186 308 2250 ente
325 2187 434 2251 lucem
456 2185 461 2276 1
482 2187 529 2251 fre
546 2187 692 2270 occipias
709 2185 729 2252 8
745 2206 821 2250 meo
837 2186 944 2270 primo
961 2185 1106 2263 ndmine,
1169 2200 1218 2267 885

175 2294 383 2360 C6ncubium
409 2296 453 2359 sit
478 2294 588 2361 nectis
613 2295 830 2381 priusquam
855 2296 896 2359 ad
921 2294 1127 2378 pestremum
1148 2314 1219 2377 per-

311 2404 453 2469 ueneris.
910 2461 912 2466 .

175 2511 236 2578 Cn.
272 2494 366 2594 Opus
390 2512 514 2578 factost
537 2513 661 2579 uietico
683 2514 726 2579 ad
746 2522 838 2580 tuom
860 2512 993 2590 nemen,
1017 2522 1053 2578 ut
1074 2521 1112 2577 tu
1128 2513 1218 2595 prae-

310 2621 411 2686 dicas.

175 2728 231 2794 sv.
259 2716 321 2793 Est
338 2729 562 2795 minusculum
579 2730 720 2796 Alterum
738 2730 832 2815 quasi
849 2727 1023 2797 uesculum
1040 2729 1215 2795 uinerium.

205 2929 261 2990 878.
290 2931 389 2981 hisce:
422 2938 493 2983 nom.
521 2933 590 2998 plu.;
624 2948 668 2984 see
752 2931 811 2995 887.
829 2948 904 2999 opus
920 2933 1027 2985 factost
1041 2933 1156 2994 uiatico,
1171 2950 1217 2983 one

175 2998 245 3060 Capt.
258 3010 290 3062 35
302 3014 327 3046 n.
719 3008 790 3050 must
800 3003 909 3064 provide
930 3017 1020 3064 money
1029 3001 1079 3064 sor
1095 3003 1137 3049 his
1146 3002 1215 3064 sare.

204 3063 261 3113 881.
273 3079 364 3116 unum
372 3066 521 3130 quidquid:
533 3067 576 3116 for
585 3083 667 3118 unum
720 3067 778 3117 The
790 3067 967 3117 combination
979 3067 1009 3117 of
1019 3075 1082 3130 opus
1093 3067 1156 3132 (and
1165 3068 1217 3116 less

171 3132 301 3196 quidque,·
318 3147 361 3182 see
386 3132 486 3182 Introd.
506 3147 536 3198 19
550 3135 574 3182 d.
610 3135 668 3184 The
718 3134 865 3200 frequently
881 3134 953 3198 usus)
972 3141 1010 3184 est
1025 3134 1085 3183 with
1104 3133 1148 3183 the
1166 3132 1216 3182 abl.

173 3213 251 3262 usage
279 3199 302 3249 is
330 3200 469 3266 especially
490 3199 612 3265 frequent
639 3200 667 3251 in
719 3201 749 3250 of
757 3202 801 3250 the
811 3201 875 3266 perf.
883 3208 944 3264 pte,
956 3200 1057 3265 though
1066 3200 1150 3250 found
1159 3200 1216 3250 also

174 3265 314 3316 Lucretius.
718 3267 745 3317 in
768 3269 842 3318 class.
861 3267 945 3326 Latin,
968 3267 990 3316 is
1009 3266 1147 3333 especially
1168 3266 1219 3317 fre·

203 3331 259 3394 884.
278 3333 320 3382 cf.
344 3335 406 3382 Mil.
433 3335 502 3384 Glor.
521 3333 577 3392 228,
601 3351 669 3400 mag·
719 3342 799 3400 quent
822 3334 848 3384 in
868 3333 905 3383 Pl.
923 3331 977 3383 and
994 3335 1151 3386 Ten—ut:
1176 3334 1218 3382 In·

170 3415 230 3448 nam
251 3401 308 3449 illic
335 3401 410 3450 homo
437 3417 490 3450 rem
520 3403 667 3465 incepissin
719 3400 786 3451 trod.
800 3415 832 3466 33
843 3418 867 3450 a.

173 3467 243 3528 Capt.
263 3466 321 3524 802,
338 3469 406 3532 quid
419 3469 459 3516 hic
477 3469 551 3517 homo
567 3475 667 3518 tantum
752 3467 808 3518 888.
828 3467 920 3532 quasi,
933 3468 990 3527 like,
1004 3467 1030 3517 in
1049 3483 1065 3517 a
1082 3467 1135 3516 real
1149 3482 1217 3516 com·

16 3553 17 3578 ι
75 3566 78 3571 -
169 3533 296 3596 incipissit
299 3535 389 3595 facere
402 3571 407 3582 .
421 3569 427 3581 .
442 3535 475 3584 ..7
718 3535 833 3598 parison.
869 3535 926 3583 The
949 3534 1012 3600 only
1029 3535 1105 3598 point
1125 3534 1150 3583 in
1172 3533 1218 3584 the

201 3598 259 3665 885.
277 3600 386 3665 primo:
405 3602 452 3660 i.e.‚
469 3600 539 3650 from
562 3601 607 3650 the
626 3601 668 3651 be-
719 3602 885 3665 comparison
919 3601 942 3650 is
971 3601 1016 3650 the
1045 3598 1218 3663 unexpeeted-
1272 3599 1274 3604 '

169 3665 278 3731 ginning
290 3667 320 3716 of
330 3668 376 3716 the
388 3682 472 3726 name,
484 3675 532 3717 not
543 3668 612 3717 from
624 3669 679 3717 the,
718 3683 778 3718 noes
801 3668 831 3716 of
852 3667 872 3716 it
895 3666 947 3716 and
966 3666 1011 3717 the
1028 3665 1137 3716 comica!
1160 3681 1191 3714 su
1209 3693 1218 3704 -

169 3737 184 3761 ⁴‘
192 3732 248 3784 first
257 3734 272 3758 ”
284 3749 378 3796 name3
391 3733 423 3783 cf.
432 3735 461 3784 in
467 3735 668 3801 primafabula,
718 3735 821 3798 gestion
831 3733 860 3782 of
871 3749 887 3782 a
898 3733 973 3782 small
983 3731 1050 3782 flask
1063 3732 1096 3798 by
1106 3731 1184 3782 thesi
1202 3747 1217 3782 e

169 3806 218 3850 etc.
719 3801 749 3849 of
760 3817 776 3849 a
787 3802 857 3862 large
869 3800 935 3850 wine
944 3799 992 3865 jar.
