2842 4332
176 365 225 418 180
631 367 766 418 PLAVTI
1095 369 1132 436 [t.
1146 385 1167 418 2.
1183 384 1221 420 ro.

176 535 237 600 CA.
274 535 416 620 Lysiteli
444 535 577 619 quidem
611 535 774 601 Philtonis
802 537 884 601 fllio.
937 539 997 602 Lv.
1035 538 1134 602 Enim
1166 559 1219 602 me

313 642 473 711 nominat.

177 751 239 817 Cu.
268 752 820 837 deiliamoptumamdccupauit.
858 757 918 820 Lr.
948 755 1038 839 Quld
1049 775 1112 838 ego
1123 775 1218 819 cesso

312 861 374 925 hos
392 860 566 946 conloqui?
1156 875 1218 929 ΙΙ35

177 969 244 1034 Sed
270 990 423 1034 maneam
449 970 560 1047 etiam,
587 971 725 1053 oplnor:
751 991 895 1055 namque
919 971 983 1037 hoc
1007 971 1217 1037 cdmmodum

312 1077 440 1142 orditur
456 1079 557 1163 loqui.

176 1185 239 1251 Cu.
274 1186 358 1251 Vah.
408 1187 469 1252 CA.
506 1187 686 1271 Quid‘est?
735 1188 798 1253 Cu.
830 1189 967 1254 Oblltus
985 1189 1076 1253 intus
1092 1189 1217 1254 dudum

313 1295 375 1359 tibi
393 1316 466 1360 sum
484 1295 615 1360 dicere:

176 1402 278 1467 Modo
295 1403 376 1466 mihi
393 1404 588 1468 aduenientl
605 1414 749 1488 nugator
762 1404 895 1488 quldam
913 1407 1056 1470 occessit
1074 1405 1215 1483 obuiam,

177 1510 287 1575 Nlmis
303 1512 542 1595 pergraphicus
560 1512 776 1597 sycophanta.
826 1513 855 1577 is
872 1513 963 1578 mllle
983 1534 1155 1578 nummum
1180 1534 1217 1578 se

312 1618 449 1684 ailreum

177 1725 255 1790 Med
271 1727 351 1790 datu
368 1727 429 1791 tibi
445 1728 533 1792 ferre
546 1738 579 1792 et
596 1738 700 1812 gnato
718 1729 907 1794 Lesbonico
923 1728 1012 1794 aibat
1030 1751 1124 1793 meo:
1154 1752 1217 1799 1140

177 1834 287 1918 Quem
304 1836 367 1919 ego
384 1856 447 1901 nec
463 1836 624 1920 quiesset
638 1835 753 1901 ndram
771 1858 881 1921 neque
897 1858 973 1902 eum
986 1847 1065 1902 ante
1077 1837 1215 1922 usquam

312 1945 472 2027 conspexi
488 1945 590 2028 prius.

177 2051 244 2115 Sed
267 2053 346 2137 quid
371 2053 484 2118 rides?
533 2053 594 2119 CA.
630 2055 708 2118 Meo
732 2054 888 2139 adlegatu
913 2054 1017 2130 uenit,
1042 2055 1136 2138 quasi
1160 2055 1217 2138 qui

312 2159 427 2225 aurum
446 2161 527 2225 mihi

177 2268 294 2333 Ferret
311 2290 370 2352 aps
387 2279 422 2334 te
438 2269 526 2354 qudd
547 2270 660 2334 darem
678 2279 756 2335 tuae
776 2269 898 2354 gnatae
914 2271 1048 2335 dotem:
1071 2279 1109 2335 ut
1126 2269 1217 2335 lilius

174 2375 275 2453 Ttlos,
294 2378 426 2460 quando
446 2378 492 2441 illi
517 2399 536 2442 a
559 2380 613 2443 me
637 2379 760 2456 darem,
780 2398 856 2444 esse
879 2378 1014 2444 allitum
1041 2378 1073 2443 id
1098 2399 1157 2462 aps
1182 2388 1216 2443 te

312 2487 461 2550 crederet

176 2592 252 2657 Ned
285 2594 341 2677 qui
374 2615 443 2658 rern
473 2593 578 2677 ipsam
611 2593 725 2678 posset
758 2595 963 2678 intellegere,
997 2594 1215 2660 thensaurum

311 2712 403 2767 tuom
1153 2714 1216 2768 1145

176 2811 233 2874 Me
257 2831 332 2875 esse
357 2831 469 2894 penes,
488 2820 588 2895 atque
613 2809 688 2875 edm
713 2832 732 2876 a
756 2830 810 2876 me
834 2810 909 2895 lege
933 2810 1046 2894 populi
1071 2812 1214 2894 patrium

311 2918 474 3002 pdsceret.

175 3025 237 3090 Cu.
274 3026 366 3092 Sclte
395 3027 522 3117 edepol.
572 3027 633 3092 Cn.
668 3025 906 3110 Megaronides
932 3027 1119 3092 communis
1153 3028 1216 3093 hoc

311 3156 406 3199 meus
424 3138 457 3200 et
474 3145 551 3199 tuos

211 3275 281 3341 1136.
300 3290 443 3335 maneam,
473 3278 492 3324 l
516 3277 570 3326 had
596 3277 671 3328 better
720 3278 860 3336 uideam,is
873 3277 1090 3341 halfparatactic.
1130 3276 1216 3327 There

173 3344 243 3392 wait.
280 3343 305 3390 If
322 3344 373 3392 this
392 3359 456 3393 were
480 3342 584 3392 defined
603 3343 638 3409 by
654 3359 671 3393 a
721 3345 742 3393 is
755 3345 866 3408 nothing
879 3345 965 3394 Greek
983 3345 1010 3393 in
1028 3344 1072 3394 the
1087 3351 1217 3394 construc-

173 3410 316 3472 paratactic
326 3410 451 3468 addition,
461 3410 479 3458 it
489 3410 575 3459 would
584 3410 617 3460 be
628 3413 673 3460 sed
720 3411 783 3460 tion.
820 3411 845 3460 It
857 3412 879 3460 is
891 3410 1005 3475 possible
1016 3411 1072 3460 that
1081 3425 1155 3460 some
1164 3425 1215 3460 vss.

173 3491 291 3525 maneam
315 3483 476 3540 optumumst.
520 3477 578 3526 The
595 3477 671 3526 other
720 3476 786 3526 have
796 3476 861 3526 been
870 3478 923 3526 lost
933 3477 1001 3526 after
1010 3477 1062 3526 this
1071 3477 1123 3527 line
1132 3477 1215 3527 which

174 3556 247 3592 cases
257 3543 282 3591 in
292 3543 327 3592 PL
337 3558 380 3592 are
388 3545 481 3592 Bacch.
494 3543 565 3609 1058,
574 3551 667 3593 taceam
720 3543 858 3594 contained
876 3544 920 3592 the
939 3544 1062 3607 proposal
1086 3544 1114 3593 of
1138 3544 1216 3593 Char-

174 3625 244 3659 nunc
266 3611 317 3660 iam
326 3625 337 3668 ;
358 3612 433 3659 Asin.
451 3610 507 3675 605,
526 3612 604 3659 liuius
621 3626 670 3659 ser-
720 3609 802 3660 mides
813 3610 1017 3673 toramarriage
1029 3610 1144 3659 between
1157 3611 1217 3659 Ies-

174 3692 271 3725 monem
289 3678 420 3740 accipiam,
443 3679 464 3726 I
476 3683 548 3727 want
566 3684 590 3725 to
607 3679 670 3726 hear
720 3677 829 3726 bonicus
841 3677 894 3727 and
906 3678 951 3726 the
961 3677 1089 3740 daughter
1098 3676 1127 3725 of
1141 3676 1217 3726 Calli-

173 3743 245 3794 wdat
260 3744 291 3792 ke
306 3759 383 3807 says;
404 3745 475 3792 Pers.
497 3756 559 3810 542;
594 3745 668 3793 Prnc.
720 3744 781 3802 cles,
799 3744 883 3794 which
906 3744 929 3794 is
946 3744 1002 3793 first
1019 3743 1121 3807 spoken
1139 3742 1217 3792 ofin

174 3808 236 3876 692;
254 3811 329 3859 Asin.
342 3810 391 3875 619
405 3810 458 3859 and
470 3810 580 3874 perhaps
593 3812 668 3859 Asin.
723 3809 793 3877 1183.

173 3876 238 3934 8163
254 3879 309 3926 Cas.
324 3876 388 3942 516;
401 3878 476 3927 Most.
487 3877 544 3941 849,
553 3893 628 3926 mane
635 3879 670 3926 sis
756 3892 802 3939 114
805 3891 827 3944 5.
846 3878 911 3942 qui:
929 3877 1017 3934 indes„
1030 3879 1059 3926 in
1070 3893 1123 3941 any
1135 3892 1198 3938 way.
