2796 4376
555 305 856 357 INTRODUCTION.

518 527 679 585 inornacr
702 525 897 600 Quasrrons

226 647 278 710 27·
307 651 334 716 a)
354 651 441 700 These
452 667 496 700 are
507 651 559 700 still
571 652 668 718 largely
676 652 703 700 in
714 652 758 700 the
767 652 910 716 paratactic
920 659 996 717 stage
1006 653 1067 703 with
1077 653 1122 703 the
1133 653 1210 705 indic.
1224 672 1231 704 ε

188 739 257 799 Capi.
272 735 328 801 623,
341 735 387 784 dic
406 734 485 794 mihi,
499 735 564 800 quis
583 734 640 784 illic
657 736 743 800 igitur
758 743 819 795 est;
840 738 910 800 Caph.
931 749 985 801 570,
1003 737 1049 786 dic
1068 739 1161 798 modo,
1180 746 1231 788 ten

184 833 275 885 negas
289 820 457 882 Tyndarum
470 833 555 878 esse;
573 819 648 867 Most.
661 818 717 880 614,
730 819 807 878 uide,
820 834 890 870 nurn
905 829 1039 880 moratur,
1053 819 1106 869 and
1118 821 1198 870 often.

228 906 259 969 b)
280 905 352 954 With
365 902 539 966 subjunctive,
553 901 668 951 retained
680 902 749 951 from
761 903 806 952 the
818 902 898 953 direct
911 903 1048 968 question:
1067 905 1159 954 Bacch.
1173 918 1205 967 74
1209 917 1230 971 5,

184 988 310 1053 loquere,
334 988 403 1053 quid
431 987 556 1039 scribam
563 1001 571 1046 ;
600 987 679 1036 Mcrc.
705 985 761 1052 386,
783 987 838 1047 dic,
862 987 931 1052 quid
955 988 1029 1037 uelis
1036 1003 1044 1048 ;
1076 990 1146 1052 capt.
1174 1003 1230 1051 270,

185 1086 324 1122 seruosne
344 1085 410 1120 esse
429 1085 467 1120 an
484 1071 556 1120 liber
574 1070 706 1130 mauelie,
720 1085 849 1120 memora
867 1071 947 1120 mihi.

228 1156 250 1220 c)
271 1155 343 1205 With
367 1153 534 1218 subjunctive
554 1153 583 1202 oi
605 1153 715 1203 indirect
739 1155 867 1219 question,
892 1155 987 1204 almost
1011 1170 1039 1204 as
1062 1155 1089 1204 in
1112 1156 1229 1205 classical

185 1239 269 1288 Latin.
306 1241 356 1288 But
370 1254 404 1288 no
417 1240 485 1288 clear
497 1238 547 1286 line
562 1238 590 1286 of
608 1238 760 1287 distinction
772 1253 820 1288 can
833 1238 865 1287 be
883 1237 970 1288 drawn
982 1237 1099 1287 between
1111 1239 1125 1286 b
1138 1237 1189 1288 and
1201 1257 1230 1290 c:

184 1325 260 1371 Pom.
276 1322 346 1380 1008,
360 1336 439 1386 roga,
454 1336 523 1371 num
537 1322 605 1385 quid
618 1336 691 1386 opus
705 1322 760 1381 sit;
778 1324 852 1371 Curc.
866 1336 922 1383 427,
935 1322 1097 1386 inspiciam,
1111 1322 1179 1387 quid
1192 1323 1231 1372 sit

185 1406 341 1470 scriptum
364 1407 439 1455 Truc.
452 1405 468 1456 6
472 1418 509 1471 50,
524 1404 678 1469 interrogo,
691 1406 759 1470 quid
773 1419 840 1455 eum
853 1405 932 1455 uelit.

504 1573 740 1632 Suoonmnhrs
762 1573 918 1632 Genusus

227 1701 278 1764 28·
308 1722 334 1787 a)
355 1721 472 1771 Relative
484 1722 552 1788 (qui)
566 1723 669 1771 clauses
682 1721 711 1770 ot
722 1737 835 1785 purpose
847 1722 942 1789 always
955 1721 1022 1772 have
1034 1721 1078 1772 the
1090 1721 1209 1785 subjunc.
1224 1740 1230 1771 ε

187 1809 258 1870 Capt.
273 1820 344 1871 1003,
357 1807 460 1856 dantur
478 1807 595 1870 quicum
610 1805 682 1870 (abl.)
700 1806 837 1866 lusitent;
856 1807 949 1855 Bacch.
961 1806 1001 1867 84,
1015 1807 1081 1856 dato
1094 1807 1144 1871 qui
1156 1809 1229 1856 bene

185 1891 238 1950 sit;
257 1892 333 1938 Pocn.
352 1904 408 1954 773,
426 1903 493 1938 eum
512 1889 682 1953 adlegarunt
696 1924 702 1936 .
716 1923 723 1936 .
738 1924 744 1937 .
758 1890 806 1952 qui
825 1889 941 1950 diceret,
955 1897 1002 1938 etc.
1039 1889 1090 1938 But
1107 1889 1134 1938 in
1153 1905 1230 1956 many

184 1987 257 2023 cases
270 1971 315 2023 the
327 1973 435 2036 original
447 1973 546 2037 jussive
558 1973 629 2021 force
642 1973 664 2021 is
677 1972 728 2022 still
741 1973 819 2035 plain.

229 2056 253 2121 h)
272 2057 391 2106 Relative
415 2057 515 2106 clauses
539 2056 568 2104 ot
597 2057 677 2106 result
701 2056 752 2105 and
781 2057 972 2106 characteristic
996 2056 1058 2106 take
1081 2057 1231 2106 sometimes

184 2139 323 2203 subjunc:
346 2142 389 2188 Ps.
408 2153 464 2204 390,
483 2140 568 2204 pauci
587 2154 621 2189 ex
640 2140 738 2190 multis
761 2148 828 2190 sunt
850 2141 945 2200 amici,
963 2140 1074 2190 homini
1092 2141 1163 2190 certi
1181 2141 1230 2205 qui

186 2225 261 2274 sient
272 2240 280 2284 ;
292 2226 368 2272 Most.
379 2238 408 2286 77
412 2239 435 2289 3,
444 2225 469 2273 si
482 2224 550 2288 quid
564 2224 625 2283 erit,
637 2225 713 2287 quod
724 2223 764 2273 illi
775 2225 904 2287 placeat;
917 2226 978 2272 Aul.
991 2238 1046 2287 203,
1058 2226 1189 2288 estquod
1202 2225 1231 2273 in

185 2309 281 2359 uisam
294 2309 422 2366 domum,
432 2315 480 2356 etc.
509 2308 640 2373 Mainlyin
649 2307 768 2371 negative
780 2315 917 2356 sentences
926 2323 956 2355 or
965 2307 1099 2371 questions
1109 2308 1231 2374 implying

185 2407 201 2440 a
213 2391 340 2455 negative,
353 2393 396 2439 Ps.
409 2390 465 2456 631,
483 2404 539 2455 797,
555 2405 611 2456 973,
627 2390 697 2450 1086,
710 2398 767 2449 etc,
780 2406 810 2438 or
827 2391 894 2440 after
910 2406 944 2440 an
957 2391 1009 2454 adj.
1023 2389 1084 2440 with
1097 2393 1166 2458 tam,
1179 2391 1231 2440 and

185 2475 229 2524 the
242 2475 369 2538 potential
385 2475 456 2524 force
473 2475 502 2524 ol
519 2473 563 2540 the
582 2474 701 2538 subjunc.
714 2475 736 2524 is
749 2475 821 2523 often
833 2474 911 2538 plain,
924 2491 967 2538 ag.
977 2490 985 2523 :
1004 2475 1096 2524 Bacch.
1110 2489 1150 2538 92,
1163 2476 1231 2540 quid

186 2566 231 2608 est
250 2559 328 2622 quod
346 2561 481 2609 metuas?
518 2559 591 2608 With
608 2558 705 2608 indic:
729 2559 801 2607 Trin.
815 2571 856 2622 91,
870 2566 937 2607 sunt
952 2573 1026 2622 quos
1042 2557 1102 2608 scio
1120 2559 1231 2608 amicos

187 2656 270 2702 esse;
288 2645 331 2691 Ps.
353 2656 407 2705 170,
427 2650 471 2692 est
490 2643 566 2707 quod
584 2643 663 2691 domi
681 2641 776 2690 dicere
795 2655 887 2705 paene
906 2641 1011 2691 oblitus
1030 2641 1088 2702 tui;
1106 2644 1149 2690 Ps.
1168 2641 1231 2704 462;

186 2727 278 2774 Bacch.
294 2739 375 2789 1149;
396 2728 467 2789 Capt.
482 2724 537 2791 263,
551 2733 599 2774 etc.
634 2724 698 2774 This
710 2725 731 2773 is
744 2723 828 2774 found
841 2725 897 2774 also
909 2726 936 2774 in
949 2725 1066 2775 classical
1081 2726 1164 2774 Latin.

230 2809 252 2874 c)
273 2809 543 2859 Causal-adversative
552 2810 653 2858 clauses
666 2808 733 2858 have
745 2823 816 2857 more
828 2809 976 2875 frequently
988 2809 1033 2858 the
1044 2807 1120 2857 indic.
1135 2827 1140 2858 :
1158 2809 1231 2859 Trin.

186 2907 218 2957 90
222 2906 242 2960 5,
253 2893 371 2942 ridicule
383 2893 502 2957 rogitas,
513 2906 638 2956 quocum
651 2906 708 2941 una
722 2893 818 2942 cibum
832 2906 935 2956 capere
949 2892 1029 2943 soleo
1037 2908 1045 2953 3
1064 2893 1160 2956 Amph.
1173 2893 1231 2958 637,

186 2991 242 3041 ego
263 2977 291 3025 id
315 2990 392 3027 nunc
417 2977 613 3040 experior...
632 2976 699 3040 quoi
724 2977 859 3040 uoluptas
883 2991 1038 3041 parumper
1056 2977 1162 3036 datast,
1182 2983 1229 3026 etc.

187 3060 261 3109 With
281 3060 418 3124 subjunc:
448 3062 523 3109 Most.
545 3059 599 3119 188,
618 3067 649 3110 tu
672 3069 785 3109 ecastor
803 3075 892 3120 erras,
916 3075 989 3124 quae
1010 3061 1126 3124 quidem
1151 3060 1231 3110 illum

186 3152 355 3208 exspectes;
379 3145 438 3192 Mil.
463 3145 533 3193 Glor.
557 3157 595 3210 59,
616 3151 645 3192 te
669 3158 771 3193 omnes
795 3152 893 3193 amant
918 3145 1063 3204 mulieres,
1085 3158 1178 3209 neque
1203 3143 1231 3192 id

185 3228 296 3288 iniuria,
315 3229 364 3292 qui
383 3229 424 3278 sis
443 3235 502 3277 tam
521 3227 629 3292 pulcer.

229 3313 261 3375 d)
280 3312 324 3360 All
348 3312 423 3360 other
447 3312 552 3361 relative
575 3312 677 3361 clauses
700 3310 767 3361 have
784 3311 930 3361 indicative.
968 3313 1049 3378 Many
1066 3327 1140 3362 cases
1158 3311 1232 3361 show

185 3403 268 3445 traces
286 3395 314 3444 ol
331 3395 376 3444 the
393 3395 500 3459 original
519 3395 689 3460 relationship
708 3402 736 3443 to
754 3395 798 3445 the
816 3394 1141 3459 interrogative-indefinite
1159 3395 1231 3460 quis,

184 3493 239 3543 esp.
250 3478 279 3528 in
291 3477 336 3528 the
348 3479 403 3528 fact
417 3479 474 3528 that
487 3479 531 3529 the
544 3480 588 3529 rel.
600 3480 687 3529 clause
699 3480 848 3545 frequently
859 3478 984 3543 precedes
996 3478 1041 3526 the
1053 3478 1122 3526 main
1136 3479 1231 3538 clause,

184 3562 236 3613 and
254 3561 327 3612 there
339 3577 383 3612 are
395 3570 478 3612 traces
493 3562 522 3611 of
540 3563 584 3612 the
595 3578 706 3627 passage
718 3563 786 3612 from
798 3561 984 3626 interrogative
997 3570 1025 3610 to
1038 3562 1081 3611 rel.
1096 3561 1129 3627 by
1142 3577 1231 3612 means

184 3647 213 3696 ol
224 3647 388 3704 correlation,
400 3662 461 3710 cg:
478 3647 538 3696 Mil.
558 3648 627 3696 Glor.
646 3660 699 3708 140,
712 3661 780 3696 nam
793 3661 883 3697 unum
896 3645 1034 3694 conclaue
1053 3646 1231 3696 concubinae

184 3730 261 3796 quod
271 3731 350 3781 dedit
360 3731 453 3789 miles,
473 3765 480 3779 .
494 3765 500 3778 .
515 3765 521 3779 .
541 3730 570 3780 in
583 3745 617 3780 eo
628 3731 759 3780 conclaui
778 3766 785 3779 .
799 3765 805 3779 .
820 3745 843 3791 ,ς
862 3731 920 3778 Ter.
934 3729 1044 3793 Adelph.
1056 3727 1114 3794 854,
1125 3736 1153 3779 et
1164 3727 1231 3794 quoi

185 3815 226 3866 rei
240 3823 294 3877 est,
308 3815 334 3865 ei
347 3815 389 3864 rei
400 3816 478 3865 hunc
492 3827 645 3865 sumamus
657 3814 744 3864 diem.
