2878 4336
168 292 203 344 80
626 295 760 343 PLAVTI
1087 295 1124 363 [v.
1139 310 1160 346 2.
1175 310 1212 347 11.

169 463 320 527 Tandem
338 463 442 527 istaec
458 462 560 538 aufer,
580 462 633 526 dic
653 461 732 545 quid
757 462 835 539 fers,
855 460 890 526 rit
913 462 1002 527 ieras
1026 463 1105 528 hinc
1125 463 1212 548 quod

306 571 403 654 petis.

172 681 238 745 Hu.
275 679 366 745 Satis
397 677 594 743 facundu's:
630 679 688 743 sed
720 679 783 742 iam
813 680 885 744 fieri
917 679 1007 745 dicta
1037 682 1214 764 compendi

306 787 391 852 uolo.
1164 789 1213 855 9⁶5

171 897 274 962 spir.
308 897 354 960 Vt
384 896 434 960 uis
462 897 529 960 fiat.
588 897 656 960 HE.
692 897 783 961 Bene
810 895 995 980 morigerus
1023 897 1087 961 fuit
1116 918 1214 980 puer:

307 1025 396 1069 nunc
412 1003 478 1068 non
497 1006 604 1068 decet.

172 1113 248 1179 Hoc
264 1133 411 1196 agamus.
447 1113 511 1177 iam
528 1112 675 1176 inimum
693 1114 833 1177 aduorte
849 1134 887 1178 ac
904 1113 985 1177 mihi
1002 1131 1089 1198 quae
1105 1114 1213 1179 dicam

308 1220 464 1287 edissere.

172 1329 225 1418 [Si
241 1330 306 1395 eris
324 1350 434 1406 uerax,
453 1331 493 1394 ex
508 1330 576 1394 tuis
593 1332 693 1395 rebus
711 1330 831 1394 feceris
848 1330 1085 1418 meliusculas]

172 1440 275 1506 STAL.
311 1437 430 1522 Nugae
455 1439 560 1503 istaec
585 1449 683 1504 sunt:
715 1438 782 1503 non
807 1460 860 1503 me
883 1461 1002 1505 censes
1027 1441 1112 1504 scire
1135 1441 1214 1525 quid

223 1634 226 1641 Ι
307 1547 428 1632 dignus
446 1548 553 1612 siem?
1051 1623 1052 1626 Ἴ

173 1658 241 1724 ΗΕ.
276 1646 325 1721 At
365 1677 404 1721 ea
443 1655 679 1740 subterfugere
718 1657 807 1740 potis
847 1677 883 1722 es
923 1657 1036 1740 pauca,
1078 1659 1106 1722 si
1146 1679 1214 1723 non

307 1764 426 1830 omnia.
1166 1780 1215 1830 970

173 1875 276 1940 STAL.
312 1873 419 1939 Parica
443 1875 610 1957 effugiam,
637 1873 722 1939 scio:
752 1895 828 1937 nam
855 1873 961 1938 multa
986 1876 1154 1952 euenient,
1181 1885 1215 1940 et

307 1981 428 2047 merito
444 2003 528 2059 meo,

172 2091 261 2176 Quia
276 2101 311 2155 et
328 2091 450 2175 fugiet
467 2089 530 2155 tibi
546 2090 687 2174 surripui
704 2089 812 2155 illium
829 2100 862 2154 et
880 2111 956 2154 eum
975 2092 1119 2157 uendidi.

173 2201 240 2266 HE.
275 2199 365 2283 Quoi
397 2199 547 2263 homini?
611 2199 715 2264 STAL.
750 2198 1017 2264 Theodoromedi
1048 2202 1082 2263 in
1115 2189 1215 2264 Alide

309 2307 497 2394 Polyplr'rsio

172 2416 239 2483 Sex
262 2417 370 2482 minis.
421 2417 488 2482 HE.
525 2417 640 2480 Prodi
665 2414 877 2481 inmortales:
906 2415 934 2481 is
956 2418 1089 2501 quidem
1115 2417 1215 2481 huius

307 2527 358 2591 est
375 2535 471 2610 pater

172 2633 358 2698 Philocrati.
409 2633 513 2699 San.
548 2633 640 2717 Quin
663 2634 780 2698 meiius
805 2633 883 2697 noui
903 2633 1002 2716 quim
1026 2643 1064 2698 tu
1087 2643 1120 2698 et
1145 2635 1230 2699 uidi,

308 2743 446 2826 saepius.
1164 2756 1214 2808 975

172 2852 239 2915 HE.
275 2851 390 2928 Serua,
410 2850 560 2934 Iuppiter
577 2871 739 2934 supreme,
758 2860 792 2916 et
814 2871 868 2915 me
885 2852 918 2916 et
941 2872 1052 2914 meum
1074 2850 1212 2934 gnatum

306 2960 397 3024 mihi.

171 3067 385 3145 Philocrates,
404 3088 463 3152 per
480 3066 571 3132 tuom
594 3077 629 3132 te
648 3068 783 3151 genium
800 3066 950 3144 obsecro,
969 3068 1040 3133 exi:
1068 3069 1102 3132 te
1124 3069 1211 3134 uolo.

202 3209 258 3274 964.
278 3208 370 3260 istaec
394 3207 484 3268 auier,
507 3210 571 3273 drop
591 3209 648 3258 that
653 3224 664 3268 ;
716 3208 828 3259 drawled
840 3216 887 3259 out
898 3208 960 3258 with
973 3208 1127 3259 intentional
1141 3210 1213 3260 slow-

174 3277 249 3326 Truc.
267 3274 324 3334 861,
337 3276 413 3341 auser
426 3291 514 3340 nugas,
532 3284 584 3339 stop
596 3293 666 3339 your
716 3291 776 3326 ness
788 3276 839 3326 and
850 3276 986 3340 precision,
996 3275 1101 3339 making
1109 3292 1213 3340 apause

169 3359 298 3393 nonsense.
716 3343 783 3393 after
794 3344 858 3393 each
873 3343 1028 3407 particular:
1047 3343 1213 3394 Theodoro·

201 3410 257 3475 965.
277 3409 448 3472 compendi:
468 3409 568 3458 Introd.
584 3423 613 3469 14
625 3410 649 3459 d.
716 3410 794 3459 medi
805 3439 838 3446 -
850 3411 880 3459 in
901 3411 986 3459 Alide
998 3439 1032 3446 —
1045 3409 1213 3474 PolypIusio

201 3478 258 3542 969.
277 3475 348 3542 quid
357 3478 463 3544 dignus
476 3477 558 3537 siem,
569 3477 666 3526 whatl
715 3491 807 3528 —sex
825 3477 922 3528 minis.
958 3478 1000 3527 Cf.
1024 3476 1070 3527 the
1094 3477 1166 3543 reply
1185 3478 1214 3527 oi

168 3547 267 3596 deserat
273 3560 285 3605 ,·
306 3543 408 3596 Introd.
423 3544 453 3594 16
464 3562 487 3595 a.
717 3543 806 3601 Ballio,
820 3545 862 3592 Ps.
876 3557 998 3610 343-345.

201 3629 251 3680 970
261 3614 279 3663 i.
299 3627 430 3680 pauca,a
435 3612 498 3677 few,
508 3611 554 3660 but
568 3610 666 3674 Stalag·
749 3610 805 3673 976.
827 3625 912 3662 serua
937 3646 944 3660 .
964 3647 971 3662 .
991 3646 997 3660 .
1021 3625 1078 3671 me,
1108 3611 1214 3662 Heaven

169 3696 227 3732 mus
245 3690 348 3746 repeats
366 3681 387 3729 it
404 3694 434 3729 as
451 3679 472 3727 if
488 3679 508 3727 it
526 3693 592 3728 were
601 3679 665 3742 fao,
715 3693 774 3728 save
790 3677 848 3726 mei
883 3678 919 3727 So
937 3679 1009 3727 Men.
1029 3691 1112 3739 1114;
1139 3679 1212 3728 Cure.

168 3749 324 3813 onlyasew.
716 3743 834 3805 64o,etc.
870 3743 912 3793 Cf.
923 3761 1012 3794 seruas
1023 3760 1069 3803 me,
1083 3743 1139 3806 768.

201 3827 258 3881 973.
277 3815 336 3865 'l'he
353 3813 424 3880 reply
436 3813 464 3862 oi
483 3813 632 3876 Stalagmus
643 3810 665 3858 is
749 3823 805 3875 977.
824 3825 876 3875 per
893 3818 974 3862 tuom
997 3819 1046 3860 te:
1067 3810 1120 3860 this
1138 3809 1215 3862 order
