2842 4332
183 338 231 390 144
637 339 772 389 PLAVTI
1083 337 1138 404 [ur.
1152 355 1175 388 2.
1188 340 1233 390 62.

185 509 245 572 Lu.
281 505 369 571 Nelo
386 527 450 592 ego
467 507 549 572 mihi
573 517 608 572 te
632 507 700 572 tem
725 509 916 591 prospicere
940 509 998 592 qul
1022 529 1128 572 meam
1155 530 1233 590 ege-

319 618 441 681 statem
459 617 562 692 leues,

184 725 250 790 Sed
280 734 316 788 ut
344 726 441 808 inops
470 725 605 790 insemis
634 746 677 790 ne
702 727 779 791 sim:
812 726 854 790 ne
880 725 962 789 mihi
990 725 1076 790 hanc
1103 726 1232 790 famam

318 833 486 910 differant,

184 941 241 1006 Me
257 961 450 1024 germanam
468 942 576 1006 meem
595 963 742 1006 sororem
760 943 793 1005 in
812 940 1071 1006 cdncubinatr'rm
1088 943 1159 1018 tibi,
1178 958 1232 1023 690

183 1049 221 1115 Sl
237 1050 310 1114 sine
327 1051 406 1114 dote
422 1051 507 1126 dem,
526 1051 658 1114 dedisse
676 1050 782 1133 maigis
800 1071 898 1133 quam
916 1050 949 1112 in
968 1049 1228 1116 matrimdnium.

184 1158 270 1242 Quis
286 1179 340 1222 me
357 1158 528 1243 inprobior
543 1158 758 1241 perhibeatur
775 1159 871 1223 esse?
912 1158 995 1223 haec
1015 1158 1230 1242 famigeraltio

183 1268 232 1332 Te
256 1267 424 1344 honestet,
443 1287 497 1330 me
522 1267 777 1332 cdnlutulentet.
828 1267 856 1330 sl
881 1267 954 1330 sine
978 1268 1057 1331 dote
1082 1265 1227 1344 duxeris,

182 1375 259 1439 Tibi
270 1375 313 1439 sit
325 1376 587 1439 emolumenturn
601 1375 757 1440 honoris:
774 1375 855 1438 mihi
866 1377 955 1458 quod
967 1376 1135 1440 obiectent
1151 1376 1226 1441 siet.

185 1485 244 1551 Lv.
280 1483 389 1568 Quid?
422 1493 456 1547 te
473 1482 669 1548 dictaterem
688 1503 807 1548 censes
823 1482 905 1559 fere,
925 1483 953 1546 si
974 1504 1033 1566 aps
1056 1493 1090 1547 te
1109 1504 1228 1566 agrurn

318 1592 522 1676 acceperim?
1178 1590 1229 1657 ⁶95

185 1702 246 1765 La.
282 1701 401 1785 Neque
427 1701 502 1764 uolo
528 1720 638 1784 neque
662 1699 794 1784 pestulo
817 1720 927 1784 neque
944 1701 1085 1765 censeo:
1110 1699 1228 1764 uerum

319 1819 432 1872 tamen

183 1902 218 1982 is
234 1927 286 1981 est
304 1919 410 1982 honos
426 1917 554 1981 homini
570 1917 691 2000 pudico
708 1916 902 1981 meminisse
919 1915 1061 1981 officirim
1081 1936 1185 1980 suom.

184 2027 246 2089 Lv.
280 2025 359 2090 Scio
376 2027 529 2108 equidem
552 2036 586 2089 te
611 2025 776 2090 animetus
802 2035 838 2089 ut
864 2025 929 2090 sis:
954 2024 1061 2100 uideo,
1081 2025 1225 2101 subolet,

319 2135 437 2198 sentio.

183 2228 222 2306 id
239 2242 311 2326 agis
329 2252 376 2319 ut,
395 2242 453 2307 ubi
478 2242 688 2307 adfinitatem
715 2243 887 2307 internos
912 2253 1060 2306 nostram
1085 2241 1227 2305 adstrin-

319 2352 407 2415 xeris

182 2448 298 2543 Atque
323 2479 399 2523 eum
428 2480 544 2543 agrurn
570 2459 701 2523 dederis
726 2480 788 2523 nec
813 2459 990 2542 quicquam
1015 2458 1068 2522 hic
1093 2457 1153 2521 tlbi
1178 2459 1223 2521 sit

319 2568 375 2651 qui
391 2566 495 2631 uitem
513 2568 611 2643 colas,
1178 2579 1228 2628 700

183 2664 336 2759 Effugias
354 2696 394 2739 ex
411 2675 493 2738 urbe
509 2675 627 2751 inanis,
647 2675 810 2758 prdfugus
828 2676 968 2757 patriam
989 2677 1131 2750 deseras,

183 2783 365 2867 Cegnatos,
384 2783 606 2859 adfinitatem,
626 2783 761 2859 amicos,
780 2783 879 2847 factis
897 2782 1031 2867 nriptiis

183 2894 261 2956 Mea
280 2912 381 2975 opera
404 2892 482 2956 hinc
507 2892 721 2975 proterritum
747 2900 781 2955 te
806 2890 946 2975 meeque
970 2891 1110 2956 auaritia
1133 2889 1226 2954 adtu-

318 3009 435 3064 ment:

180 3143 232 3205 ing.
268 3141 310 3190 Cl.
323 3142 385 3189 Aul.
400 3141 454 3206 598,
467 3148 497 3190 ut
509 3157 566 3191 eum
584 3142 677 3199 toleret,
724 3142 825 3205 graced,
838 3142 996 3191 dishonored.
1033 3140 1074 3191 Cf.
1087 3143 1158 3204 Capt.
1169 3139 1225 3205 326,

182 3224 214 3257 ue
231 3215 333 3270 pessum
357 3209 434 3265 abeat,
452 3208 510 3272 keep
533 3209 587 3259 him
602 3209 676 3274 from
728 3207 780 3257 and
792 3210 945 3272 opulentare,
958 3208 1141 3257 turbulentare.

178 3275 678 3391 {ppiltporipffigplinheessgppilx
729 3275 1117 3407 Bu6t9liylsillelgimpreteiicisn’to
1130 3279 1227 3389 ‘siligi-

180 3409 330 3465 =munia;
348 3422 392 3457 see
405 3422 436 3468 24
448 3423 474 3457 n.
729 3407 846 3465 stendit,
858 3406 925 3457 asin
937 3406 993 3470 663,
1006 3407 1035 3455 of
1051 3407 1139 3471 public
1152 3406 1227 3455 office

215 3473 271 3537 689.
290 3474 356 3523 sed:
375 3489 410 3524 sc.
423 3477 480 3523 uolo
495 3481 518 3525 te
526 3476 677 3537 prospicere,
729 3473 780 3523 and
794 3481 823 3524 to
837 3473 911 3522 think
930 3472 987 3521 that
1007 3473 1167 3522 Lesbonicus
1186 3472 1227 3522 be-

181 3556 198 3590 a
209 3540 337 3604 complete
355 3540 517 3591 adversative
534 3541 637 3590 instead
650 3541 679 3590 of
728 3541 809 3590 lleves
826 3539 883 3588 that
901 3539 946 3588 the
965 3554 1103 3602 possessor
1122 3539 1151 3587 of
1169 3539 1226 3587 that

181 3608 226 3658 the
238 3608 414 3672 comparative
425 3608 511 3658 clause
521 3607 582 3656 with
591 3623 677 3673 quam.
729 3606 789 3656 field
802 3606 851 3656 will
863 3606 896 3655 be
908 3620 966 3655 sure
979 3606 1008 3653 of
1020 3605 1060 3655 his
1073 3605 1192 3655 election.

181 3676 313 3738 -inopa,
326 3677 419 3738 though
426 3682 497 3737 poor.
763 3686 819 3738 703.
837 3679 1002 3723 autument:
1014 3674 1061 3730 s'.e.,
1073 3670 1119 3721 the
1129 3671 1225 3735 public,

215 3742 271 3806 693.
290 3739 678 3807 conlutulentetzfoundonly
727 3741 792 3803 they.
828 3739 885 3788 The
903 3737 1120 3802 subjunc.isdue
1134 3747 1162 3786 to
1180 3738 1226 3786 the

181 3809 243 3857 here
263 3807 314 3856 and
337 3806 417 3856 based
438 3822 507 3871 upon
528 3807 676 3864 lutulentus,
728 3805 904 3871 hypothetical
917 3802 1012 3853 ideain
1028 3803 1073 3852 the
1086 3802 1227 3868 preceding

181 3877 285 3936 muddy,
298 3875 323 3923 in
335 3875 368 3923 its
380 3873 516 3938 figurative
532 3887 615 3926 sense.
628 3872 676 3920 das
727 3880 857 3921 sentence.
