2842 4332
178 295 319 362 maog]
588 291 817 342 TRINVMMVS
1173 291 1220 344 163

178 467 240 532 Cn.
275 465 330 529 Νέ
346 463 433 528 male
454 461 590 545 loquere
616 461 748 544 apsenti
768 461 884 527 amico,
934 461 991 527 Sr.
1027 461 1117 545 Quid
1140 479 1219 546 ergo

314 573 371 636 ille
388 571 636 656 ignauissumus

178 683 263 747 Mihi
287 681 461 745 latitabat?
518 679 579 743 Cu.
615 677 652 744 Si
676 678 890 762 appellasses,
909 678 1139 761 respondisset
1164 679 1219 745 nd

313 810 405 854 mim.

178 901 245 967 8έά
262 900 336 983 ipse
352 898 462 963 ubist?
511 896 567 962 Sr.
587 895 660 976 ‚Pol
684 896 777 960 illdm
802 897 919 982 reliqui
942 899 984 962 ad
1010 898 1219 966 thdaman·

314 1019 383 1072 tem
400 1011 434 1069 in
453 1004 625 1088 Cercdpia.

177 1118 240 1183 Cu.
277 1117 363 1201 Quis
381 1116 514 1179 homost
532 1133 586 1178 me
603 1113 816 1196 insipientior
831 1115 889 1199 qui
906 1115 978 1198 ipse
1002 1115 1136 1200 egomet
1160 1118 1218 1183 ubi

315 1225 377 1289 sim
395 1223 598 1307 quaeritem?

176 1334 244 1401 Sed
257 1335 305 1397 nil
321 1330 532 1397 disconddcit
551 1331 629 1396 huic
647 1331 704 1396 rei.
754 1331 832 1415 quld
848 1331 917 1396 ais?
953 1333 1033 1417 quid
1050 1334 1113 1399 hoc
1129 1337 1218 1419 quod

312 1444 346 1507 te
363 1441 465 1524 rogo?
1169 1457 1219 1510 930

177 1550 273 1636 Quds
288 1552 380 1616 locos
398 1549 517 1614 adisti?
566 1549 622 1615 Su.
659 1548 808 1612 Nimium
832 1549 1016 1615 mlrimodis
1038 1550 1216 1620 mirabiles.

176 1661 240 1725 Cu.
277 1659 388 1724 Lubet
412 1659 536 1734 audire,
562 1657 628 1722 nisi
651 1657 874 1722 molestumst.
937 1658 994 1724 Sr.
1038 1659 1129 1744 Quin
1156 1662 1218 1727 dis-

312 1768 411 1851 cupio
427 1766 546 1831 dicere.

177 1860 336 1942 Omnium
358 1877 502 1960 primurn
526 1874 560 1939 ln
585 1875 728 1939 Pontum
754 1875 887 1940 aduecti
910 1863 1070 1942 Arabiam
1094 1876 1217 1945 terrim

312 2006 438 2050 sumus.

177 2094 239 2160 Cu.
274 2081 358 2170 Eho,
373 2115 414 2158 an
429 2093 529 2157 etiarn
546 2091 707 2158 Arabiast
725 2092 759 2156 in
778 2092 902 2157 Ponto?
951 2093 1007 2159 Sr.
1042 2095 1125 2160 Est:
1148 2095 1217 2162 ndn

313 2203 368 2267 illa
383 2202 441 2266 ubi
457 2211 513 2265 tus
529 2200 687 2285 gignitur,

177 2311 245 2376 Sed
262 2311 318 2377 ubi
335 2308 541 2394 apsinthidm
559 2310 596 2372 fit
614 2319 715 2393 atque
732 2309 842 2374 cunila
858 2309 1051 2394 gallindcea.
1168 2327 1217 2382 935

176 2419 239 2486 Cn.
274 2420 423 2484 Nimium
456 2418 651 2503 graphicum
676 2419 766 2482 hunc
798 2417 1006 2502 nugatorem.
1071 2423 1129 2486 sed
1154 2443 1217 2507 ego

311 2549 384 2592 sum
402 2527 620 2610 insipientior,

176 2637 244 2723 Qui
260 2639 393 2721 egomet
410 2636 499 2701 unde
513 2637 644 2700 redeam
661 2637 750 2700 hunc
768 2635 921 2720 rogitem,
934 2657 1019 2720 quae
1034 2638 1098 2723 ego
1114 2623 1214 2706 sciam

311 2755 412 2829 atque
428 2744 483 2809 hic
500 2745 646 2809 nesciat:

176 2854 251 2918 Nisi
268 2853 346 2937 quia
361 2854 454 2918 lubet
472 2853 615 2936 experiri
632 2873 697 2936 quo
714 2855 892 2918 euasurust
909 2854 1061 2938 denique.

208 3011 263 3076 928.
284 3013 335 3061 For
347 3013 390 3061 the
403 3020 475 3078 story
486 3012 516 3061 of
527 3011 571 3061 the
587 3014 669 3062 Cerco
720 3026 809 3062 comes
831 3011 926 3077 simply
945 3012 1123 3079 wonderfully.
1180 3015 1216 3065 So

169 3087 222 3142 pes,
234 3078 353 3143 changed
363 3079 419 3128 into
432 3094 494 3142 apes
505 3079 547 3128 lor
559 3079 669 3142 tricking
719 3079 878 3128 multimodis
900 3080 1052 3131 omnimodis
1062 3096 1073 3140 ;
1094 3096 1138 3132 see
1163 3081 1216 3132 Cic.

175 3147 281 3210 Jupiter,
304 3162 348 3196 see
373 3145 450 3204 Ovid,
468 3147 573 3194 Metam.
593 3146 667 3194 XIV.
722 3147 766 3194 Or.
782 3159 835 3212 153.

173 3226 206 3276 90
228 3212 256 3262 ff.
298 3214 354 3262 The
377 3212 462 3262 island
488 3212 669 3262 Pithecusais
753 3226 808 3278 93²·
828 3212 897 3277 quin
915 3221 1029 3266 correcte
1046 3214 1091 3265 the
1113 3229 1217 3280 sugges-

175 3295 237 3329 near
249 3281 357 3344 Naples,
370 3279 418 3329 but
435 3279 479 3328 the
491 3280 575 3329 whole
589 3286 667 3344 story,
718 3278 775 3329 tion
793 3279 822 3328 of
840 3280 1009 3331 molestum:
1028 3281 1108 3348 ‘why,
1120 3297 1155 3332 on
1172 3281 1216 3333 the

174 3347 217 3396 the
234 3346 346 3397 allusion
363 3353 391 3394 to
403 3346 486 3398 which
499 3346 521 3395 is
537 3345 605 3394 from
623 3346 667 3395 the
718 3354 845 3413 contrary,
860 3348 915 3397 l’m
929 3363 989 3414 very
1001 3349 1110 3400 anxious
1128 3355 1156 3399 to
1171 3348 1216 3399 tell

174 3412 258 3463 Greek
275 3413 343 3479 play,
354 3412 471 3478 belongs,
484 3413 512 3461 oi
528 3427 626 3473 course,
639 3420 667 3462 to
718 3413 786 3479 you!

172 3478 275 3544 legend.
751 3493 783 3545 93
804 3516 809 3528 .
827 3481 922 3531 cunila
935 3481 1103 3546 gallinacea,
1117 3498 1215 3546 savory.

205 3560 262 3612 931.
280 3547 377 3597 locos:
395 3547 428 3596 cf.
441 3543 570 3607 loca,864.
597 3547 669 3596 Plau·
752 3493 809 3611 933.
827 3548 884 3598 nisi
902 3549 978 3612 quia,
991 3556 1077 3612 except
1086 3551 1148 3598 that.
1184 3549 1216 3598 ln

173 3621 216 3664 tus
228 3612 292 3663 does
304 3623 351 3663 not
363 3612 473 3663 observe
488 3614 532 3662 the
548 3612 668 3679 ordinary
720 3613 764 3662 the
781 3629 853 3663 same
877 3630 932 3680 way
950 3616 1041 3664 Pseud.
1066 3629 1126 3677 1073
1152 3614 1216 3680 568;

174 3678 331 3738 distinction,
359 3682 430 3728 “loci
456 3682 591 3737 librorum,
614 3682 668 3730 loca
719 3681 787 3728 Rud.
809 3693 879 3746 1025,
892 3689 941 3731 etc.
976 3681 1038 3744 Esp.
1048 3680 1117 3730 after
1128 3682 1216 3740 nescio,

173 3747 329 3796 terrarum.”
337 3775 371 3784 -
380 3747 541 3797 mirimodis
552 3767 585 3789 =
596 3747 670 3812 origi-
720 3745 804 3796 where
821 3747 841 3797 it
858 3761 994 3811 expresses
1005 3761 1022 3796 a
1032 3748 1162 3812 complete
1173 3747 1217 3798 ad·

174 3814 243 3881 nally
255 3815 330 3862 miris
350 3815 438 3870 modis,
450 3813 498 3860 but
515 3814 549 3878 by
564 3829 610 3860 use
628 3814 670 3862 be-
720 3814 846 3863 versative
858 3813 925 3864 idea.
