2878 4336
217 363 250 417 50
671 365 805 414 PLAVTl
1126 365 1202 432 [111.
1219 382 1246 427 4.
1260 378 1299 431 35.

218 533 283 598 Ακ.
319 517 426 597 immo
445 533 509 596 iste
529 553 606 596 eum
629 552 705 596 sese
724 532 770 596 alt
793 532 849 616 qui
875 552 942 596 non
965 541 1018 597 est
1046 534 1125 597 esse
1165 544 1210 597 et
1242 536 1302 617 qui

354 641 467 706 uerdst
486 650 597 724 negat.

217 752 304 816 Tvu.
338 751 389 814 Tu
431 751 520 814 enim
562 748 737 832 repertus,
773 749 993 815 Philocratem
1033 751 1092 835 qui
1125 751 1303 834 superes

355 858 553 923 ueriuerbio.

218 970 285 1034 AR.
321 967 378 1032 Pdl
392 987 455 1050 ego
468 978 504 1032 ut
519 988 589 1032 rem
607 967 714 1044 uided,
727 977 765 1031 tu
782 966 962 1044 inuentu'S,
977 968 1056 1031 uera
1067 968 1302 1032 uanittidine

219 1077 287 1162 Qui
303 1076 493 1142 conuincas.
512 1077 571 1140 sed
588 1096 713 1160 quaeso
730 1076 842 1140 hercle
855 1077 997 1159 agedum
1009 1075 1123 1158 dispice
1140 1079 1191 1140 ad
1217 1097 1297 1140 me.

353 1186 439 1250 Tvu.
475 1185 549 1249 Em.
599 1183 666 1249 AR.
701 1184 765 1249 Dic
782 1185 906 1249 modo:
1238 1197 1299 1250 570

217 1293 294 1360 'liin
311 1314 415 1377 negas
439 1303 474 1356 te
498 1293 693 1377 Tyndarum
726 1293 823 1357 esse?
864 1294 950 1358 Tuu.
986 1293 1082 1376 Nego
1115 1293 1293 1377 inquam.

354 1402 422 1468 AR.
455 1403 532 1465 Tun
549 1411 584 1466 te
602 1401 823 1466 Philocratem

219 1499 306 1577 Esse
328 1511 403 1576 ais?
427 1511 514 1574 Tm.
549 1511 623 1594 Ego
642 1511 787 1594 inquam.
821 1510 888 1574 AR.
921 1509 1113 1575 Tdnehuic
1130 1511 1288 1575 credis?

356 1620 424 1684 HE.
459 1617 535 1683 Phis
549 1619 682 1703 quidem
698 1640 796 1702 quam
814 1619 876 1682 tibi
894 1618 950 1682 mit
967 1619 1049 1682 mihi
1067 1641 1074 1683 :

219 1730 306 1794 Nam
333 1728 388 1792 ille
411 1728 555 1812 quidem,
573 1749 672 1812 quem
697 1737 735 1791 tu
760 1728 836 1791 esse
860 1727 949 1792 hunc
972 1747 1147 1804 memoras,
1166 1728 1281 1792 hddie

354 1837 433 1901 mne
450 1837 532 1900 auu
548 1824 683 1900 Alidem
977 1819 978 1824 '

219 1935 275 2011 Ad
292 1954 421 2029 patrem
438 1945 548 2010 huius.
597 1945 665 2009 AR.
700 1945 809 2028 Quem
826 1953 966 2028 patrem,
981 1944 1038 2028 qui
1055 1946 1170 2009 seruos
1189 1945 1274 2009 est?
1398 1853 1401 1998 i

355 2055 442 2118 TYN.
478 2055 522 2116 Et
540 2052 577 2116 td
594 2052 730 2137 quidem

221 2163 345 2228 Seruos
363 2183 408 2238 es,
424 2162 507 2225 liber
523 2161 619 2224 fuisti
638 2184 644 2226 :
669 2172 703 2225 et
721 2163 783 2245 ego
800 2182 855 2225 me
871 2159 1003 2226 confidd
1018 2161 1101 2237 fore,
1218 2173 1268 2226 575

221 2272 258 2337 Si
274 2269 373 2335 hdius
389 2272 454 2335 huc
472 2269 706 2334 recdnciliasso
725 2270 758 2332 in
776 2269 966 2334 libertatem
983 2269 1102 2334 illium.

220 2381 286 2445 AR.
323 2379 411 2463 Quid
436 2379 494 2454 aie,
512 2379 674 2442 furcifer?
700 2388 761 2442 tun
786 2387 821 2442 te
845 2388 983 2461 gnatum
1009 2380 1084 2443 esse
1100 2399 1266 2444 memoras

357 2488 497 2552 liberum
510 2489 522 2550 ?

219 2599 306 2663 Tuu.
341 2596 419 2661 Ndn
437 2596 590 2680 equidem
609 2616 663 2659 me
682 2595 851 2672 Liberum,
871 2596 930 2660 sed
952 2594 1174 2660 Philocratem
1191 2615 1266 2660 esse

235 2797 251 2815 l
356 2705 417 2769 aid.
467 2705 534 2769 AR.
570 2704 660 2787 Quid
678 2705 754 2767 est?

220 2815 267 2879 Vt
285 2813 457 2890 scelestus,
479 2813 600 2896 Hegio,
620 2834 709 2877 nunc
727 2812 791 2877 iste
811 2821 845 2876 te
863 2811 958 2876 ludds
974 2812 1065 2877 facit.

255 2954 309 3021 568.
327 2963 359 3004 tu
380 2954 458 3003 enim
479 2956 631 3018 repertus,
650 2962 718 3003 ete:
804 2967 858 3021 573.
878 2954 1013 3004 Alidem:
1042 2953 1181 3004 elsewhere
1204 2955 1267 3005 with

219 3038 250 3072 so
262 3024 305 3071 Ps.
316 3021 372 3086 631,
383 3028 412 3069 tu
421 3022 625 3079 e'nuentu’suero,
635 3037 716 3070 meam
768 3037 870 3086 prepos.
907 3022 956 3071 See
970 3020 1068 3070 lntrod.
1084 3021 1114 3070 18
1125 3023 1149 3071 d.

219 3089 407 3204 lhill‘lif‘
426 3087 719 3218 illidium:
768 3089 1270 3220 fiiiiliihi‘iihnilh‘

220 3223 280 3272 sion
304 3222 368 3271 used
386 3221 529 3287 ironically‚
548 3222 642 3270 almost
665 3222 718 3270 like
768 3225 862 3286 saying
882 3224 1014 3287 patrem?
1050 3222 1093 3270 He
1116 3222 1139 3272 is
1162 3237 1178 3270 a
1195 3223 1268 3272 slave

220 3305 237 3338 a
254 3289 389 3353 question;
418 3305 444 3338 so
462 3304 516 3352 you
526 3289 562 3338 ’ve
587 3291 715 3350 appeared
769 3288 926 3338 andhasno
940 3288 1028 3355 (legal)
1041 3287 1135 3338 father.
1170 3288 1212 3338 Cf.
1225 3288 1267 3338 be

222 3356 328 3420 (turned
343 3355 397 3419 up),
410 3362 434 3404 to
443 3362 523 3418 prove
541 3371 580 3405 me
591 3372 606 3402 a
619 3357 718 3403 liar.-
768 3356 827 3414 low,
842 3355 912 3405 1006.

221 3423 315 3472 enim:
333 3422 403 3482 here,
418 3436 447 3471 as
459 3421 588 3487 regularly
600 3421 626 3470 in
645 3422 689 3478 Pl.,
702 3437 718 3470 a
804 3423 858 3486 578.
879 3423 1034 3474 Liberum:
1057 3438 1090 3471 an
1110 3421 1266 3471 intentional

220 3489 326 3554 particle
342 3489 370 3537 oi
388 3487 542 3537 affirmation
562 3488 615 3553 (see
635 3489 717 3552 Harp.
769 3489 912 3553 mistaking
934 3489 963 3539 of
985 3490 1116 3548 liberum,
1135 3504 1164 3538 as
1181 3504 1266 3538 seruos

222 3556 294 3618 Lex.)
308 3555 360 3604 and
378 3555 443 3604 does
460 3563 507 3604 not
525 3569 601 3604 mean
611 3555 660 3619 for
671 3553 718 3604 but
771 3555 830 3620 (574
847 3556 877 3621 f.)
896 3557 918 3605 is
937 3557 1119 3621 intentionally
1138 3553 1265 3604 confused

220 3623 313 3686 surely,
331 3622 427 3670 indeed.
463 3621 529 3670 This
552 3637 599 3671 use
617 3621 639 3672 is
659 3637 719 3671 con·
769 3623 829 3672 with
842 3624 960 3686 captiuos.
997 3624 1029 3672 In
1047 3623 1099 3672 this
1117 3638 1154 3672 vs.
1173 3620 1225 3670 and
1238 3621 1263 3669 in

221 3688 309 3738 tinued
319 3689 345 3737 in
353 3689 397 3738 the
406 3687 598 3738 combinations
606 3690 718 3748 atenim,
772 3687 819 3754 576
829 3688 911 3755 Tynd.
921 3689 943 3739 is
953 3690 1037 3755 trying
1045 3696 1073 3738 to
1082 3689 1139 3739 hint
1149 3696 1176 3738 to
1185 3687 1263 3737 Arist.

221 3758 359 3815 nonenim,
373 3763 430 3813 ete,
440 3755 521 3804 which
533 3754 628 3804 should
640 3770 720 3804 never
770 3757 815 3805 the
827 3757 878 3805 real
891 3764 958 3806 state
971 3757 1000 3806 oi
1011 3755 1108 3805 affairs.

220 3821 253 3873 be
265 3822 404 3886 explained
416 3820 450 3888 by
461 3837 495 3870 an
507 3822 612 3886 ellipsis.
805 3835 860 3888 579.
878 3831 907 3872 te
924 3822 1009 3872 ludos
1028 3823 1106 3882 lecit,
1123 3824 1146 3871 is
1162 3823 1266 3885 making

256 3890 310 3958 569.
327 3897 361 3941 ut
374 3889 528 3941 ...uidem
543 3888 643 3939 Introd.
654 3903 685 3954 33
695 3905 718 3938 a.
765 3905 841 3952 geme
857 3891 889 3952 of
901 3905 962 3950 you,
980 3889 1088 3950 making
1102 3904 1155 3950 you
1172 3889 1263 3936 ridicu-
