2842 4332
181 331 339 397 Μαι]
596 326 821 379 Tnmvnnvs
1183 321 1230 380 165

184 501 255 586 Qui
271 500 407 585 quidem
424 521 492 562 non
518 498 653 562 nouisse
680 498 805 580 possim
830 498 964 580 quicum
989 506 1135 562 aetatem
1160 499 1232 562 exe-

323 608 440 691 gerim.

184 704 242 782 Ᾱη
261 717 316 780 ille
333 725 401 778 tam
420 726 509 779 esset
528 713 653 778 striltus
675 715 732 797 qui
755 713 836 776 mihi
854 713 943 777 mille
968 735 1140 777 nummum
1166 715 1233 778 cre-

323 826 418 887 deret
866 903 872 913 ο

187 933 387 1016 Philippum,
414 933 503 1015 quod
528 951 582 995 me
606 929 723 995 aunim
749 930 881 994 deferre
906 929 1002 994 idssit
1027 931 1069 995 ad
1092 929 1232 1013 gnatdm

325 1060 420 1104 suom
1183 1050 1233 1103 955

188 1138 303 1233 Atque
326 1149 368 1213 ad
392 1148 537 1212 amicum
561 1146 743 1223 Calliclem,
761 1146 839 1231 quoi
858 1167 928 1210 rem
949 1145 1038 1210 aibat
1055 1147 1233 1210 mandasse

325 1256 380 1321 hic
397 1256 511 1320 suam?

190 1366 275 1430 Mihi
300 1364 527 1441 concrederet,
546 1364 582 1428 ni
606 1383 660 1427 me
677 1360 732 1426 ille
756 1363 790 1426 et
814 1381 878 1446 ego
902 1362 996 1427 illum
1021 1383 1156 1427 nossem
1181 1360 1234 1426 dd·

325 1472 449 1557 probe?

189 1582 252 1648 Cn.
288 1569 388 1645 Enim
406 1599 486 1644 uero
511 1600 575 1663 ego
598 1599 688 1643 nunc
711 1578 940 1663 sycophantae
956 1578 1033 1642 huic
1051 1578 1235 1662 sycophan-

326 1689 391 1752 tari
408 1687 495 1764 uolo,
963 1687 966 1692 ’

190 1798 228 1864 Si
244 1796 335 1862 hdnc
347 1817 486 1880 possum
504 1794 561 1860 illo
579 1794 669 1860 mille
691 1815 865 1859 nummum
892 1793 1081 1879 Philippum
1098 1794 1234 1859 circum·

327 1905 459 1981 ddcere,

191 2013 292 2099 Qudd
309 2014 374 2078 sibi
395 2034 450 2078 me
474 2013 607 2078 dedisse
632 2013 724 2080 dixit.
773 2034 873 2098 quem
898 2015 962 2098 ego
986 2013 1044 2097 qui
1067 2013 1111 2078 sit
1136 2013 1236 2078 homo

327 2123 442 2188 nescio
1186 2121 1236 2186 9⁶0

191 2235 310 2317 Neque
327 2232 433 2297 oculis
449 2242 528 2296 ante
544 2229 634 2296 hdnc
651 2231 739 2294 diem
756 2251 913 2314 umquam
930 2230 1009 2307 uidi,
1028 2231 1102 2295 eine
1119 2251 1235 2296 aurum

328 2340 516 2406 crederem?

192 2448 292 2533 Quoi,
318 2449 346 2513 si
377 2449 496 2531 capitis
528 2449 581 2512 res
610 2447 664 2524 sit,
690 2468 863 2512 nummum
888 2446 1069 2531 nquuam
1101 2449 1236 2512 credam

327 2556 530 2640 phimbeum.

191 2654 471 2750 Adgrediundust
488 2664 543 2729 h1'c
560 2664 660 2729 homo
678 2664 723 2728 mi
739 2674 824 2729 astu.
873 2665 967 2741 heus,
987 2664 1063 2741 Paix,
1075 2673 1111 2729 te
1127 2665 1235 2731 tribus

328 2773 441 2838 uerbis
459 2773 545 2837 uolo.

193 2882 248 2947 Sv.
282 2882 346 2946 Vel
363 2881 533 2946 trecentis.
589 2879 652 2945 Cn.
688 2880 810 2945 Haben
828 2891 866 2946 tu
883 2882 916 2947 id
933 2903 1061 2957 aurum,
1080 2880 1169 2967 qudd
1185 2903 1236 2948 ac·

329 2989 449 3072 cepisti
464 3010 484 3053 a
501 2988 700 3054 Charmide?

224 3187 281 3240 953.
302 3175 351 3239 qui
381 3173 517 3239 quidem:
546 3188 563 3222 a
591 3173 688 3222 causal-
771 3173 828 3237 962.
846 3174 959 3238 cupitis,
976 3175 1008 3240 of
1018 3175 1064 3240 lise
1080 3175 1138 3224 and
1151 3176 1234 3225 death.

190 3240 353 3291 adversative
371 3242 465 3290 clause.
502 3239 542 3289 cf.
557 3252 603 3305 552
618 3256 687 3289 n.—
740 3239 781 3289 Cf.
805 3257 852 3289 uae
874 3243 952 3304 capiti
975 3249 1114 3290 tuo=uae
1140 3243 1236 3291 tibi.-

190 3307 248 3385 The
260 3307 415 3385 antecedent
425 3307 454 3356 of
466 3307 596 3370 qui-cum
608 3307 631 3356 is
643 3307 688 3356 the
738 3307 925 3386 plumbeum:
938 3310 982 3364 tle..
996 3308 1132 3358 worthless
1146 3308 1237 3390 (coum

190 3373 471 3505 &gesat-{3333}
515 3440 559 3488 the
588 3440 689 3496 regular
738 3373 1236 3506 {terimihgfiiliesh’odtkpcgclizrfflmm

189 3506 258 3555 form
271 3506 300 3555 of
313 3508 357 3556 the
370 3522 427 3570 gen.
440 3507 492 3570 plu.
506 3507 566 3554 with
580 3508 667 3556 mille.
737 3523 788 3556 non
805 3515 843 3557 est
852 3510 989 3570 plumbeus
993 3525 1005 3566 ,·
1026 3509 1102 3558 Most.
1115 3508 1178 3574 892;
1197 3524 1234 3568 or,

222 3574 280 3637 956.
299 3574 474 3623 mandasse:
493 3587 528 3622 on
546 3573 591 3623 the
608 3574 688 3624 omis·
736 3570 857 3635 perhaps,
875 3580 1017 3633 counters;
1035 3574 1068 3622 ef.
1086 3591 1181 3623 aunem
1200 3592 1235 3624 co

189 3640 247 3687 sion
255 3639 285 3688 of
294 3641 337 3688 the
347 3640 458 3704 subject,
466 3655 509 3689 see
518 3640 617 3689 Introd.
626 3654 658 3700 24
665 3641 686 3688 b.
737 3640 841 3695 micum,
860 3639 935 3687 Poen.
951 3651 1012 3703 5973
1032 3639 1098 3688 Hor.
1111 3643 1162 3704 Ep.
1177 3642 1198 3689 Ι.
1212 3653 1234 3702 7.

223 3705 280 3768 960.
299 3721 406 3770 quem:
438 3706 471 3771 by
493 3707 621 3770 prolepsis
643 3707 687 3756 the
739 3720 778 3771 ²3·

190 3769 278 3833 object
303 3771 332 3819 of
354 3773 463 3831 nescio,
485 3773 546 3821 with
576 3773 625 3837 qui
649 3774 686 3823 sit
771 3773 828 3836 964.
846 3772 902 3832 uel,
920 3789 988 3830 even,
1001 3772 1062 3820 with
1081 3773 1125 3822 the
1140 3789 1234 3837 proper

189 3835 278 3885 homo
290 3853 319 3886 as
331 3853 347 3886 a
358 3838 436 3886 fuller
447 3838 621 3902 explanation.
739 3855 824 3898 sense,
837 3842 865 3905 is
864 3856 918 3903 you
930 3839 1003 3898 wisi,
1015 3840 1172 3903 prominent.
