2842 4332
165 299 215 336 111.
227 301 251 336 2.
265 283 316 352 13.]
574 285 804 336 TRINVMMVS
1166 284 1216 340 139

170 453 370 529 Lesbonice,
389 454 466 518 esse
482 453 638 518 uideatur
653 452 778 536 gloriae
795 464 851 518 aut
869 454 988 531 lamae,
1007 453 1125 522 sinam.

170 564 233 628 LE.
262 561 361 646 Qudd
378 570 430 626 est
443 561 651 626 facillumum
664 561 758 628 iacis.
802 563 863 628 Lu.
891 563 981 646 Quid
999 563 1031 626 id
1048 563 1124 628 est?
1150 565 1212 630 Ls.

308 671 430 735 Amico
448 670 611 736 iniuriam.
1165 671 1215 738 ⁶30

169 782 232 845 Lu.
268 781 388 863 Neque
403 789 549 843 meumst
567 800 676 864 neque
688 779 800 845 idcere
812 780 923 845 didici.
964 781 1025 847 Ls.
1054 780 1214 846 Inddctus

309 908 409 972 quam
426 888 530 953 docte
541 888 633 953 facis

170 997 260 1081 Quid
292 996 432 1072 laceres,
462 996 565 1080 siquls
597 995 767 1061 docuisset
799 1007 833 1061 te
865 996 901 1062 tt
934 997 982 1062 sic
1014 997 1090 1062 odio
1123 999 1214 1062 esses

307 1104 413 1168 mihi?

169 1216 262 1280 Bene
291 1234 392 1298 quom
418 1213 553 1278 simulas
579 1212 692 1278 {dcere
717 1213 799 1278 mihi
825 1223 870 1291 te,
895 1213 982 1279 mdle
1006 1213 1100 1290 facis,
1128 1215 1214 1279 male

309 1321 466 1388 cdnsulis.

170 1433 232 1496 Lu.
269 1419 412 1515 Egone?
461 1431 524 1496 Ln.
557 1431 665 1497 Tune.
716 1431 777 1498 Lu.
804 1430 894 1516 Quid
911 1431 1124 1497 malefacio?
1150 1433 1212 1497 Ln.

311 1538 409 1623 Quod
427 1560 489 1623 ego
505 1539 584 1604 nolo
602 1540 634 1603 id
651 1539 749 1624 qudm
766 1540 860 1606 lacis.

171 1651 233 1715 Lu.
270 1649 365 1713 Tuad
375 1648 423 1712 rei
435 1650 522 1712 bene
532 1647 707 1713 consulere
720 1649 828 1734 cupio.
879 1649 941 1714 Lu.
975 1648 1027 1713 Tri
1045 1669 1081 1714 es
1098 1649 1215 1713 melior

309 1777 409 1840 quam
426 1758 559 1840 egomet
576 1756 681 1821 mihi?
1165 1756 1214 1823 ⁶35

171 1865 233 1932 Sdt
252 1865 356 1949 sapio,
375 1866 457 1930 satis
481 1866 516 1930 ln
540 1885 610 1930 rem
635 1886 721 1950 quae
745 1865 814 1931 sint
834 1867 942 1933 meam
962 1885 1025 1951 ego
1045 1865 1215 1949 conspicid

309 1974 401 2040 mihi.

172 2085 235 2162 Lu,
269 2071 327 2146 An
345 2083 377 2146 id
395 2092 446 2148 est
464 2104 591 2167 sapere,
610 2093 646 2147 ut
664 2082 721 2167 qul
740 2083 941 2150 beneficium
957 2104 977 2148 a
992 2083 1215 2151 beneuolente

310 2192 487 2275 repudies?

174 2302 235 2366 Lu.
271 2300 410 2365 Nullum
434 2300 636 2365 beneficium
654 2302 729 2366 esse
745 2302 833 2365 duco
853 2299 887 2366 id
908 2301 996 2385 qudd
1018 2289 1096 2385 quoi
1111 2300 1215 2366 facias

309 2408 376 2474 ndu
393 2409 512 2493 placet.

174 2518 252 2584 Scio
277 2538 339 2601 ego
365 2527 398 2582 et
422 2517 531 2583 sentio
556 2517 627 2600 lpse
645 2517 724 2601 quid
745 2538 841 2602 agam
866 2519 975 2602 neque
995 2537 1090 2583 mens
1108 2516 1216 2582 officio

310 2626 431 2709 migrat

171 2833 274 2884 presses
296 2817 421 2882 passivity
443 2831 473 2866 or
491 2816 669 2867 non-interiet·
752 2816 810 2883 634.
832 2825 918 2868 tune:
942 2816 985 2867 lor
1012 2815 1065 2867 thie
1083 2823 1164 2868 retort
1188 2824 1216 2867 to

172 2900 244 2944 ence,
261 2885 340 2943 abeas,
353 2886 470 2934 molestus
488 2900 519 2933 nc
535 2885 577 2942 sis,
589 2887 667 2943 sinas,
720 2886 834 2950 egone?
851 2900 896 2934 see
910 2886 981 2948 Capt.
993 2883 1041 2949 857
1054 2899 1080 2933 n.

172 2960 229 3011 etc,
242 2951 294 3001 and
309 2952 357 3000 'the
374 2951 536 3016 question-is
552 2952 669 3018 strongly
753 2951 809 3017 637.
827 2951 891 3016 qui:
909 2951 954 3002 the
970 2951 1086 3016 particle.

172 3019 302 3069 sarcastic.
753 3017 810 3084 639.
828 3019 897 3083 quid
914 3033 1011 3084 agam,
1023 3019 1096 3068 what
1106 3019 1127 3066 J
1137 3033 1179 3067 am
1193 3025 1217 3067 to

205 3085 261 3149 629.
281 3085 388 3150 gloriae
412 3092 463 3135 aut
486 3085 596 3135 famae:
628 3101 669 3148 ap
719 3087 758 3144 do,
770 3087 858 3136 would
876 3085 943 3135 have
960 3085 1005 3134 the
1022 3100 1095 3134 same
1110 3084 1217 3134 formin

171 3153 289 3218 parently
308 3167 325 3200 a
341 3151 480 3217 repetition
498 3153 527 3201 of
544 3153 574 3202 in
588 3159 668 3202 tuam
720 3153 765 3201 the
777 3151 859 3202 direct
873 3151 1145 3218 question-officio
1163 3151 1218 3201 rni-

173 3233 234 3269 rem
243 3219 271 3268 in
279 3218 487 3269 differentform.
517 3219 668 3269 Afteresse
720 3227 793 3284 grat,
806 3236 889 3269 moves
905 3227 950 3269 out
964 3220 997 3285 os
1007 3221 1040 3269 its
1055 3220 1124 3283 dury.
1160 3218 1218 3267 The

173 3285 256 3335 either
272 3286 318 3335 tibi
329 3287 430 3350 gloriae
442 3301 472 3334 or
483 3288 512 3334 in
523 3293 594 3336 tuam
614 3302 667 3335 rem
719 3285 801 3350 figure
814 3286 843 3335 of
859 3285 966 3350 moving
982 3285 1051 3336 from
1068 3301 1118 3336 one
1135 3286 1218 3336 house

173 3351 486 3416 mightbeused‚andin
499 3353 544 3402 the
558 3353 668 3402 careless
719 3367 750 3401 or
771 3353 844 3418 place
868 3360 896 3403 to
917 3353 1028 3403 another
1044 3368 1097 3404 was
1122 3352 1201 3403 clearl

173 3421 238 3485 style
244 3419 273 3468 of
281 3419 472 3477 conversation,
479 3435 510 3469 as
517 3434 568 3469 one
574 3419 669 3485 phrase
719 3418 767 3468 felt
778 3420 806 3469 in
819 3419 863 3469 the
875 3419 955 3478 word,
965 3435 994 3471 as
1003 3421 1029 3469 iu
1038 3421 1131 3469 Pseud.
1140 3367 1218 3483 469i

173 3485 218 3536 did
235 3493 282 3536 not
299 3501 371 3536 seem
388 3485 541 3552 sufficiently
556 3487 668 3551 explicit,
719 3486 774 3551 sac,
785 3488 829 3546 sis,
841 3487 943 3536 noctuas
953 3488 1023 3536 aedis
1034 3489 1149 3544 aurium,
1162 3501 1218 3535 mea

173 3551 218 3603 the
229 3552 327 3603 second
336 3567 388 3602 was
397 3551 483 3602 added
495 3561 523 3602 to
535 3554 612 3603 make
625 3552 669 3602 the
720 3560 750 3602 ut
765 3555 878 3618 migrare
894 3555 961 3603 dicta
974 3555 1077 3616 possint
1087 3569 1136 3617 quo
1152 3553 1217 3610 uolo,

174 3619 285 3683 thought
298 3620 401 3668 clearer.
719 3621 777 3668 that
792 3636 835 3683 my
847 3621 931 3669 words
943 3635 1001 3682 may
1013 3634 1083 3667 move
1094 3621 1130 3666 in.
1167 3619 1219 3668 For

206 3685 263 3750 631.
282 3693 426 3735 meumst:
446 3686 478 3735 ci.
490 3693 568 3746 tuom,
581 3699 630 3752 445
642 3701 667 3734 n.
719 3686 764 3736 the
786 3687 869 3736 literal
892 3701 976 3743 sense,
997 3685 1030 3734 cf.
1051 3685 1127 3733 Most.
1154 3697 1219 3751 ¹05³

206 3751 263 3818 633.
282 3767 383 3816 quomz
396 3751 494 3802 Introd.
505 3767 537 3818 ²9
547 3771 572 3804 a.
721 3765 767 3815 471
778 3771 785 3813 ;
803 3754 875 3802 Men.
887 3751 944 3802 822.
